%%% --- A --- %%%

@article{Aczel1948,
	title = {Sur les op\'erations d\'efinies pour nombres r\'eels},
	author = {Aczél, J.},
	journal = {Bulletin de la Soci\'et\'e Math\'ematique de France},
	volume = {76},
	pages = {59-64},
	year = {1948}
}

@book{Aczel1966,
	title = {{Lectures on Functional Equations and Their Applications}},
	author = {Aczél, J.},
	series = {Mathematics in science and engineering},
	volume = {19},
	publisher = {Academic Press},
	year = {1966}
}

@article{Aguilo2010,
	title = {{A characterization of residual implications derived from left-continuous uninorms}},
	author = {Aguiló, I. and Suñer, J. and Torrens, J.},
	journal = {Information Sciences},
	volume = {180},
	number = {20},
	pages = {3992-4005},
	year = {2010}
}

@inproceedings{Aguilo2010B,
	title={{Dual Representable Aggregation Functions and Their Derived $S$-Implications}},
	author = {Aguiló, I. and Carbonell, M. and Suñer, J. and Torrens, J.},
	editor={H{\"u}llermeier, E. and Kruse, R. and Hoffmann, F.},
	booktitle={Computational Intelligence for Knowledge-Based Systems Design. IPMU 2010},
	series = {Lecture Notes in Computer Science},
	volume = {6178},
	publisher = {Springer Berlin Heidelberg},
	pages={408-417},
	year={2010}
}

@article{Aguilo2013,
	title = {{A construction method of semicopulas from fuzzy negations}},
	author = {Aguiló, I. and Suñer, J. and Torrens, J.},
	journal = {Fuzzy Sets and Systems},
	volume = {226},
	pages = {99-114},
	year = {2013}
}

@article{Aguilo2015,
	title = {{New types of contrapositivisation of fuzzy implications with respect to fuzzy negations}},
	author = {Aguiló, I. and Suñer, J. and Torrens, J.},
	journal = {Information Sciences},
	volume = {322},
	pages = {223-236},
	year = {2015}
}

@article{Aguilo2018,
	title = {{How to modify a fuzzy implication function to satisfy a desired property}},
	author = {Aguiló, I. and Suñer, J. and Torrens, J.},
	journal = {International Journal of Approximate Reasoning},
	volume = {103},
	pages = {168-183},
	year = {2018}
}


@book{Alsina2006,
	title={{Associative Functions: Triangular Norms and Copulas}},
	author={Alsina, C. and Schweizer, B. and Frank, M. J.},
	publisher={World Scientific},
	year={2006}
}

@inproceedings{Atzmueller2006,
	title = {{SD-Map - A Fast Algorithm for Exhaustive Subgroup Discovery}},
	author = {Atzmueller, M. and Puppe, F.},
	editor = {F{\"u}rnkranz, J. and Scheffer, T. and Spiliopoulou, M.},
	booktitle = {Knowledge Discovery in Databases: PKDD 2006},
	series = {Lecture Notes in Computer Science},
	volume = {4213},
	publisher={Springer Berlin Heidelberg},
	pages={6-17},
	year={2006}
}

@article{Atzmueller2015,
	title = {{Subgroup discovery}},
	author = {Atzmueller, M.},
	journal = {WIREs Data Mining and Knowledge Discovery},
	volume = {5},
	number = {1},
	pages = {35-49},
	year = {2015}
}

%%% --- B --- %%%

@inproceedings{Baczynski2003,
	title={{On sup --- * Compositions of Fuzzy Implications}},
	author={Baczy\'nski, M. and Drewniak, J. and Sobera, J.},
	editor={Rutkowski, L. and Kacprzyk, J.},
	booktitle={Neural Networks and Soft Computing},
	series = {Advances in Soft Computing},
	volume = {19},
	publisher={Physica, Heidelberg},
	pages={274-279},
	year={2003}
}

@article{Baczynski2007,
	title = {{On the characterizations of $(S,N)$-implications}},
	author = {Baczy\'nski, M. and Jayaram, B.},
	journal = {Fuzzy Sets and Systems},
	volume = {158},
	number = {15},
	pages = {1713-1727},
	year = {2007}
}

@book{Baczynski2008,
	title = {{Fuzzy Implications}},
	author = {Baczy\'nski, M. and Jayaram, B.},
	series = {Studies in Fuzziness and Soft Computing},
	volume = {231},
	publisher = {Springer Berlin Heidelberg},
	year      = {2008}
}

@article{Baczynski2008B,
	title = {{$(S,N)$- and $R$-implications: A state-of-the-art survey}},
	author = {Baczy\'nski, M. and Jayaram, B.},
	journal = {Fuzzy Sets and Systems},
	volume = {159},
	number = {14},
	pages = {1836-1859},
	year = {2008}
}

@article{Backzynski2009,
	title = {{$(U,N)$-implications and their characterizations}},
	author = {Baczy\'nski, M. and Jayaram, B.},
	journal = {Fuzzy Sets and Systems},
	volume = {160},
	number = {14},
	pages = {2049-2062},
	year = {2009}
}

@article{Backzynski2009B,
	title={{On the Distributivity of Fuzzy Implications Over Nilpotent or Strict Triangular Conorms}}, 
	author = {Baczy\'nski, M. and Jayaram, B.},
	journal={IEEE Transactions on Fuzzy Systems}, 
	volume={17},
	number={3},
	pages={590-603},
	year={2009}
}

@article{Backzynski2010,
	title = {{On the distributivity of fuzzy implications over continuous and Archimedean triangular conorms}},
	author = {Baczy\'nski, M.},
	journal = {Fuzzy Sets and Systems},
	volume = {161},
	number = {10},
	pages = {1406-1419},
	year = {2010}
}

@article{Backzynski2010B,
	title = {{$QL$-implications: Some properties and intersections}},
	author = {Baczy\'nski, M. and Jayaram, B.},
	journal = {Fuzzy Sets and Systems},
	volume = {161},
	number = {2},
	pages = {158-188},
	year = {2010}
}

@book{Baczynski2013,
	title = {{Advances in Fuzzy Implication Functions}},
	author = {Baczy\'nski, M. and Beliakov, G. and Bustince, H. and Pradera, A.},
	series = {Studies in Fuzziness and Soft Computing},
	volume = {300},
	publisher = {Springer Berlin Heidelberg},
	year = {2013}
}

@inbook{Baczynski2015,
	title={{Fuzzy Implications: Past, Present, and Future}},
	author={Baczy\'nski, M. and Jayaram, B. and Massanet, S. and Torrens, J.},
	editor={Kacprzyk, J. and Pedrycz, W.},
	booktitle={Springer Handbook of Computational Intelligence},
	publisher={Springer Berlin Heidelberg},
	pages={183-202},
	year={2015}
}

@inproceedings{Baczynski2015B,
	title={{Fuzzy implications based on semicopulas}},
	author={Baczy\'nski, M. and Grzegorzewski, P. and Mesiar, R.},
	booktitle={Proceedings of the 2015 Conference of the International Fuzzy Systems Association and the European Society for Fuzzy Logic and Technology},
	editor = {Alonso, J. M. and Bustince, H. and Reformat, M.},
	series = {Advances in Intelligent Systems Research},
	volume = {89},
	publisher={Atlantis Press},
	pages={792-798},
	year={2015}
}

@article{Baczynski2016,
	title = {{Properties of the probabilistic implications and $S$-implications}},
	author = {Baczy\'nski, M. and Grzegorzewski, P. and Helbin, P. and Niemyska, W.},
	journal = {Information Sciences},
	volume = {331},
	pages = {2-14},
	year = {2016}
}

% No editor, no series, no volume 
@inproceedings{Baczynski2017,
	title = {{New Types of Ordinal Sum of Fuzzy Implications}},
	author = {Baczy\'nski, M. and Dryga\'{s}, P. and Kr\'{o}l, A. and Mesiar, R.},
	booktitle = {2017 IEEE International Conference on Fuzzy Systems (FUZZ-IEEE)},
	publisher = {IEEE Press},
	pages = {1-6},
	year = {2017}
}

% No editor, no series, no volume 
@inproceedings{Baczynski2018,
	title={{On the T-power Inverse Invariance Property on Fuzzy Implication Functions}}, 
	author={Baczy\'nski, M. and Massanet, S. and Torrens, J.},
	booktitle={2018 {IEEE} International Conference on Fuzzy Systems {(FUZZ-IEEE)}},
	publisher = {IEEE Press}, 
	pages={1-7},
	year={2018}
}

@inproceedings{Baczynski2018b,
	title={{Monotonicity in the Construction of Ordinal Sums of Fuzzy Implications}},
	author={Baczy\'nski, M. and Dryga\'{s}, P. and Mesiar, R.},
	editor={Torra, V. and Mesiar, R. and {De Baets}, B.},
	booktitle={Aggregation Functions in Theory and in Practice. AGOP 2017},
	series = {Advances in Intelligent Systems and Computing},
	volume = {581},
	publisher={Springer International Publishing},
	pages={189-199},
	year={2018}
}

@article{Baczynski2020,
	title={{Fuzzy implications: alpha migrativity and generalised laws of importation}},
	author={Baczy\'nski, M. and Jayaram, B. and Mesiar, R.},
	journal={Information Sciences},
	volume={531},
	pages={87-96},
	year={2020}
}

@article{Baczynski2020B,
	title={{General Characterization of Implication's Distributivity Properties: The Preference Implication}}, 
	author={Dombi, J. and Baczy\'nski, M.},
	journal={IEEE Transactions on Fuzzy Systems}, 
	volume={28},
	number={11},
	pages={2982-2995},
	year={2020}
}

@inproceedings{Baczynski2022,
	title={{On the Additional Properties of Fuzzy Polynomial Implications of Degree 4}},
	author={Baczy\'nski, M. and Fernandez-Peralta, R. and Massanet, S. and Mir, A. and Riera, J. V.},
	editor={Ciucci, D. and Couso, I. and Medina, J. and {\'{S}}l{\k{e}}zak, D. and Petturiti, D. and Bouchon-Meunier, B. and Yager, R. R.},
	booktitle={Information Processing and Management of Uncertainty in Knowledge-Based Systems},
	series = {Communications in Computer and Information Science},
	publisher={Springer International Publishing},
	volume = {1601},
	pages={182-193},
	year={2022}
}

@article{Baczynski2022B,
	title = {{On the Sheffer stroke operation in fuzzy logic}},
	author = {Baczy\'nski, M. and Berruezo, P. and Helbin, P. and Massanet, S. and Niemyska, W. and Ruiz-Aguilera, D.},
	journal = {Fuzzy Sets and Systems},
	volume = {431},
	pages = {110-128},
	year = {2022}
}

@article{Baczynski2022C,
	title = {{On a generalization of multiplicative Sincov's equation for fuzzy implication functions}},
	author = {Baczy\'nski, M. and Fechner, W. and Massanet, S.},
	journal = {Fuzzy Sets and Systems},
	volume = {451},
	pages = {196-205},
	year = {2022}
}

@article{Baldwin1979,
	title = {{A new approach to approximate reasoning using a fuzzy logic}},
	author = {Baldwin, J. F.},
	journal = {Fuzzy Sets and Systems},
	volume = {2},
	number = {4},
	pages = {309-325},
	year = {1979}
}

@article{Bandler1980,
	title = {{Semantics of implication operators and fuzzy relational products}},
	author = {Bandler, W. and Kohout, L. J.},
	journal = {International Journal of Man-Machine Studies},
	volume = {12},
	number = {1},
	pages = {89-116},
	year = {1980}
}

@article{Bedregal2007,
	title = {{A normal form which preserves tautologies and contradictions in a class of fuzzy logics}},
	author = {Bedregal, B.},
	journal = {Journal of Algorithms},
	volume = {62},
	number = {3},
	pages = {135-147},
	year = {2007}
}

@book{Beliakov2010,
	title = {{Aggregation Functions: A Guide for Practitioners}},
	author = {Beliakov, G. and Pradera, A. and Calvo, T.},
	series = {Studies in Fuzziness and Soft Computing},
	volume = {221},
	series =    {Studies in Fuzziness and Soft Computing},
	publisher = {Springer Berlin, Heidelberg},
	year =      {2010}
}

%no series, no volume, no number, no editors
@inproceedings{Belfodil2019,
	title={{FSSD - A Fast and Efficient Algorithm for Subgroup Set Discovery}}, 
	author={Belfodil, A. and Belfodil, A. and Bendimerad, A. and Lamarre, P. and Robardet, C. and Kaytoue, M. and Plantevit, M.},
	booktitle={International Conference on Data Science and Advanced Analytics (DSAA)}, 
	volume={},
	number={},
	pages={91-99},
	year={2019}
}

@InProceedings{Berlanga2006,
	title={{Multiobjective Evolutionary Induction of Subgroup Discovery Fuzzy Rules: A Case Study in Marketing}},
	author={Berlanga, F. and {del Jesus}, M. J. and Gonz{\'a}lez, P. and Herrera, F. and Mesonero, M.},
	editor={Perner, P.},
	booktitle={Advances in Data Mining. Applications in Medicine, Web Mining, Marketing, Image and Signal Mining. ICDM 2006},
	series = {Lecture Notes in Computer Science},
	volume = {4065},
	publisher={Springer Berlin Heidelberg},
	pages={337-349},
	year={2006}
}

@book{Bernoulli1713,
	  title = {{Ars conjectandi}},
	  author = {Bernoulli, J.},
	  publisher = {Thurnisiorum, Fratrum},
	  year = {1713}
}

@article{Bezdek1978,
	title = {{Fuzzy partitions and relations; an axiomatic basis for clustering}},
	author = {Bezdek, J. C. and {Douglas Harris}, J.},
	journal = {Fuzzy Sets and Systems},
	volume = {1},
	number = {2},
	pages = {111-127},
	year = {1978}
}

@book{Bezdek1981,
	title={{Pattern Recognition with Fuzzy Objective Function Algorithms}},
	author={Bezdek, J. C.},
	series = {Advanced Applications in Pattern Recognition},
	publisher={Springer New York, NY},
	year={1981}
}

@inbook{Bezdek2013,
	title={{The Parable of Zoltan}},
	author={Bezdek, J. C.},
	editor={Seising, R. and Trillas, E. and Moraga, C. and Termini, S.},
	bookTitle={On Fuzziness: A Homage to Lotfi A. Zadeh -- Volume 1},
	series = {Studies in Fuzziness and Soft Computing},
	volume = {298},
	publisher={Springer Berlin Heidelberg},
	pages={39-46},
	year={2013}
}

@article{Bezivin1993,
	title = {{On the determination of strict t-norms on some diagonal segments}},
	author = {Bézivin, J. P. and Tomás, M. S.},
	journal = {Aequationes Mathematicae},
	volume = {45},
	pages = {239-245},
	year = {1993}
}

@article{Black1937,
	title = {{Vagueness. An Exercise in Logical Analysis}},
	author = {Black, M.},
	journal = {Philosophy of Science},
	volume = {4},
	number = {4},
	pages = {427-455},
	year = {1937}
}

@article{Blanco-Mesa2017,
	title={{Fuzzy decision making: A bibliometric-based review}},
	author={{Blanco-Mesa}, F. and Merig{\'o}, J. M. and {Gil-Lafuente}, A. M.},
	journal={Journal of Intelligent {\&} Fuzzy Systems},
	volume={32},
	number = {3},
	pages={2033-2050},
	year={2017}
}

@book{Bloch2023,
	title = {{Fuzzy Sets Methods in Image Processing and Understanding}},
	author = {Bloch, I. and Ralescu, A.},
	publisher = {Springer Cham},
	year = {2023}
}

@article{Bosc2018,
	  title = {{Anytime Discovery of a Diverse Set of Patterns with Monte Carlo Tree Search}},
	  author = {Bosc, G. and Boulicaut, J. F. and Ra{\"i}ssi, C. and Kaytoue, M.},
	  journal = {{Data Mining and Knowledge Discovery}},
	  volume = {32},
	  number = {3},
	  pages = {604-650},
	  year = {2018}
}

@inproceedings{Burda2015,
	title={{Reduction of Fuzzy Rule Bases Driven by the Coverage of Training Data}},
	author={Michal Burda and Martin Stepnicka},
	editor = {Alonso, J. M. and Bustince, H. and Reformat, M.},
	booktitle={Proceedings of the 2015 Conference of the International Fuzzy Systems Association and the European Society for Fuzzy Logic and Technology},
	series = {Advances in Intelligent Systems Research},
	volume = {89},
	publisher={Atlantis Press},
	pages={463-470},
	year={2015}
}

@article{Burillo2000,
	title = {{Inclusion grade and fuzzy implication operators}},
	author = {Burillo, P. and Frago, N. and Fuentes, R.},
	journal = {Fuzzy Sets and Systems},
	volume = {114},
	number = {3},
	pages = {417-429},
	year = {2000}
}

@article{Bustince2007,
	title = {{Construction of fuzzy indices from fuzzy DI-subsethood measures: Application to the global comparison of images}},
	author = {Bustince, H. and Pagola, M. and Barrenechea, E.},
	journal = {Information Sciences},
	volume = {177},
	number = {3},
	pages = {906-929},
	year = {2007}
}

@article{Bustince2008,
	title = {{Relationship between restricted dissimilarity functions, restricted equivalence functions and normal {$E_N$}-functions: Image thresholding invariant}},
	author = {Bustince, H. and Barrenechea, E. and Pagola, M.},
	journal = {Pattern Recognition Letters},
	volume = {29},
	number = {4},
	pages = {525-536},
	year = {2008}
}

@article{Bustince2013,
	title = {{Construction of strong equality index from implication operators}},
	author = {Bustince, H. and Fernandez, J. and Sanz, J. and Baczy{\'n}ski, M. and Mesiar, R.},
	journal = {Fuzzy Sets and Systems},
	volume = {211},
	pages = {15-33},
	year = {2013}
}

%%% --- C --- %%%

@book{Calvo2002,
	title = {{Aggregation Operators}},
	author = {Calvo, T. and Mayor, G. and Mesiar, R.},
	series = {Studies in Fuzziness and Soft Computing},
	volume = {97},
	publisher = {Springer-Verlag Berlin Heidelberg},
	year =      {2002}
}

@article{Carbonell2010,
	title = {{Continuous $R$-implications generated from representable aggregation functions}},
	author = {Carbonell, M. and Torrens, J.},
	journal = {Fuzzy Sets and Systems},
	volume = {161},
	number = {17},
	pages = {2276-2289},
	year = {2010}
}

@article{Carmona2010,
	title={{NMEEF-SD: Non-dominated Multiobjective Evolutionary Algorithm for Extracting Fuzzy Rules in Subgroup Discovery}}, 
	author={Carmona, C. J. and González, P. and {del Jesus}, M. J. and Herrera, F.},
	journal={IEEE Transactions on Fuzzy Systems}, 
	volume={18},
	number={5},
	pages={958-970},
	year={2010}
}

@article{Carmona2011,
	title = {{Evolutionary fuzzy rule extraction for subgroup discovery in a psychiatric emergency department}},
	author = {Carmona, C. J. and González, P. and {del Jesus}, M. J. and {Navío-Acosta}, M. and {Jiménez-Trevino}, L.},
	journal = {Soft Computing},
	volume = {15},
	pages = {2435-2448},
	year = {2011}
}

@article{Carmona2013,
	title = {{MEFES: An evolutionary proposal for the detection of exceptions in subgroup discovery. An application to Concentrating Photovoltaic Technology}},
	author = {Carmona, C. J. and González, P. and García-Domingo, B. and {del Jesus}, M. J.  and Aguilera, J.},
	journal = {Knowledge-Based Systems},
	volume = {54},
	pages = {73-85},
	year = {2013}
}

@article{Carmona2015,
	title = {{A fuzzy genetic programming-based algorithm for subgroup discovery and the application to one problem of pathogenesis of acute sore throat conditions in humans}},
	author = {Carmona, C. J. and {Ruiz-Rodado}, V. and {del Jesus}, M. J.  and Weber, A. and Grootveld, M. and González, P. and Elizondo, D.},
	journal = {Information Sciences},
	volume = {298},
	pages = {180-197},
	year = {2015}
}

@book{Cassidy1992,
	title={{Uncertainty: The Life and Science of Werner Heisenberg}},
	author={Cassidy, D. C.},
	publisher={Henry Holt and Company},
	year={1992}
}


@article{Combs1998,
	title={{Combinatorial rule explosion eliminated by a fuzzy rule configuration}}, 
	author={Combs, W. E. and Andrews, J. E.},
	journal={IEEE Transactions on Fuzzy Systems}, 
	volume={6},
	number={1},
	pages={1-11},
	year={1998}
}

@article{Cordon2000,
	title = {{Analysis and guidelines to obtain a good uniform fuzzy partition granularity for fuzzy rule-based systems using simulated annealing}},
	author = {Cordón, O. and Herrera, F. and Villar, P.},
	journal = {International Journal of Approximate Reasoning},
	volume = {25},
	number = {3},
	pages = {187-215},
	year = {2000}
}

@book{Cox1994,
	title = {{The Fuzzy Systems Handbook: A Practitioner's Guide to Building, Using, and Maintaining Fuzzy Systems}},
	author = {Cox, Earl},
	publisher = {Academic Press Professional},
	year = {1994}
}

@article{Csiszar2014,
	title={{On uninorms with fixed values along their border}},
	author={Csisz{\'a}r, O. and Fodor, J.},
	journal={Ann. Univ. Sci. Bp. Sect. Comput},
	volume={42},
	pages={93-108},
	year={2014}
}

%%% --- D --- %%%

@article{Darsow1983,
	title = {{Associative functions and Abel-Schröder systems}},
	author = {Darsow, W.F.  and Frank, M. J.},
	journal = {Publicationes Mathematicae Debrecen},
	volume = {30},
	pages = {253-272},
	year = {1983}
}

@article{DeBaets1999,
	title={{Residual operators of uninorms}},
	author={{De Baets}, B. and Fodor, J.},
	journal={Soft Computing},
	volume={3},
	pages={89-100},
	year={1999}
}

@article{delJesus2007,
	title={{Evolutionary Fuzzy Rule Induction Process for Subgroup Discovery: A Case Study in Marketing}}, 
	author={{del Jesus}, M. J. and González, P. and Herrera, F. and Mesonero, M.},
	journal={IEEE Transactions on Fuzzy Systems}, 
	volume={15},
	number={4},
	pages={578-592},
	year={2007}
  }

@inproceedings{delJesus2007B,
	title={Multiobjective Genetic Algorithm for Extracting Subgroup Discovery Fuzzy Rules}, 
	author={{del Jesus}, M. J. and González, P. and Herrera, F.},
	booktitle={2007 IEEE Symposium on Computational Intelligence in Multi-Criteria Decision-Making}, 
	volume={},
	number={},
	pages={50-57},
	year={2007}
}

@article{DeLima2020,
	title = {{Ordinal sums of the main classes of fuzzy negations and the natural negations of t-norms, t-conorms and fuzzy implications}},
	author = {{de Lima}, A. A. and Bedregal, B. and Mezzomo, I.},
	journal = {International Journal of Approximate Reasoning},
	volume = {116},
	pages = {19-32},
	year = {2020}
}

@article{Dimuro2014,
	title = {{On {$(G,N)$}-implications derived from grouping functions}},
	author = {Dimuro, G. P. and Bedregal, B. and Santiago, R. H. N.},
	journal = {Information Sciences},
	volume = {279},
	pages = {1-17},
	year = {2014}
}

@article{Dimuro2017,
	title = {{{$QL$}-operations and {$QL$}-implication functions constructed from tuples {$(O,G,N)$} and the generation of fuzzy subsethood and entropy measures}},
	author = {Dimuro, G. P. and Bedregal, B. and Bustince, H. and Jurio, A. and Baczy\'nski, M. and Miś, K.},
	journal = {International Journal of Approximate Reasoning},
	volume = {82},
	pages = {170-192},
	year = {2017}
}

@inproceedings{Dimuro2019,
	title={{On {$D$}-implications derived by grouping functions}}, 
	author={Dimuro, G. P. and Santos, H. and Bedregal, B. and Borges, E. N. and Palmeira, E. and Fernandez, Javier and Bustince, H.},
	booktitle={2019 IEEE International Conference on Fuzzy Systems (FUZZ-IEEE)}, 
	volume={},
	number={},
	pages={1-6},
	year={2019}
}

@article{Dolati2013,
	title = {{A copula-based family of fuzzy implication operators}},
	author = {Dolati, A. and {Fernández Sánchez}, J. and {Úbeda-Flores}, M.},
	journal = {Fuzzy Sets and Systems},
	volume = {211},
	pages = {55-61},
	year = {2013}
}

@inproceedings{Dombi2018,
	title={{On Implication Operators}},
	author={Dombi, J.},
	editor={Torra, V. and Mesiar, R. and {De Baets}, B.},
	booktitle={Aggregation Functions in Theory and in Practice. AGOP 2017},
	series = {Advances in Intelligent Systems and Computing},
	volume = {581},
	publisher={Springer International Publishing},
	pages={241-252},
	year={2018}
}

@book{Dombi2021,
	title = {{Explainable Neural Networks Based on Fuzzy Logic and Multi-criteria Decision Tools}},
	author = {Dombi, J. and Csiszár, O.},
	series = {Studies in Fuzziness and Soft Computing},
	volume = {408},
	publisher = {Springer Cham},
	year = {2021}
}

@article{Dombi2021B,
	title = {{On the distributivity of fuzzy implications and the weighted {$S$}-implications}},
	author = {Dombi, J. and Baczy\'nski, M.},
	journal = {International Journal of Approximate Reasoning},
	volume = {136},
	pages = {110-131},
	year = {2021}
	}

@article{Drygas2017,
	title = {{Generating Fuzzy Implications by Ordinal Sums}},
	author = {Dryga\'{s}, P. and Król, A.},
	journal = {Tatra Mountains Mathematical Publications},
	number = {1},
	volume = {66},
	pages = {39-50},
	year = {2017}
}

@inproceedings{Drygas2017b,
	title={{On some constructions of ordinal sums of fuzzy implications}}, 
	author={Dryga\'{s}, P. and Król, A.},
	booktitle={2017 Joint 17th World Congress of International Fuzzy Systems Association and 9th International Conference on Soft Computing and Intelligent Systems (IFSA-SCIS)},
	publisher = {IEEE Press}, 
	volume={},
	number={},
	pages={1-6},
	year={2017}
}

@inproceedings{Drygas2018,
	title={{Ordinal Sum of Fuzzy Implications Fulfilling Left Ordering Property}},
	author={Dryga\'{s}, P. and Król, A.},
	editor={Kacprzyk, J. and Szmidt, E. and Zadro{\.{z}}ny, S.  and Atanassov, K. T. and Krawczak, M.},
	booktitle={Advances in Fuzzy Logic and Technology 2017},
	series = {Advances in Intelligent Systems and Computing. EUSFLAT-IWIFSGN 2017},
	volume = {641},
	publisher={Springer International Publishing},
	pages={658-669},
	year={2018}
}

@inproceedings{Drygas2018b,
	title={{Two Constructions of Ordinal Sums of Fuzzy Implications}},
	author = {Dryga\'{s}, P. and Król, Anna},
	editor={Atanassov, K. T. and Kacprzyk, J. and Ka{\l}uszko, A. and Krawczak, M. and Owsi{\'{n}}ski, J. and Sotirov, S. and Sotirova, E. and Szmidt, E. and Zadro{\.{z}}ny, S.},
	booktitle={Uncertainty and Imprecision in Decision Making and Decision Support: Cross-Fertilization, New Models and Applications. IWIFSGN 2016},
	series = {Advances in Intelligent Systems and Computing},
	volume = {559},
	publisher={Springer International Publishing},
	pages={102-111},
	year={2018}
}

@misc{Dua2019 ,
	author = {Dua, D. and Graff, C.},
	title = {{UCI Machine Learning Repository}},
	url = {http://archive.ics.uci.edu/ml},
	institution = {University of California, Irvine, School of Information and Computer Sciences},
	year = {2019}
}

@article{Dubois1991,
	title = {{Fuzzy sets in approximate reasoning, Part 1: Inference with possibility distributions}},
	author = {Dubois, D. and Prade, H.},
	journal = {Fuzzy Sets and Systems},
	volume = {40},
	number = {1},
	pages = {143-202},
	year = {1991}
}

@article{Dubois1999,
	title = {{Fuzzy sets in approximate reasoning, Part 1: Inference with possibility distributions}},
	author = {Dubois, D. and Prade, H.},
	journal = {Fuzzy Sets and Systems},
	volume = {100},
	pages = {73-132},
	year = {1999}
}

@inbook{Dubois2016,
	title={{The Emergence of Fuzzy Sets: A Historical Perspective}},
	author = {Dubois, D. and Prade, H.},
	editor={Kahraman, C. and Kaymak, U. and Yazici, A.},
	booktitle={Fuzzy Logic in Its 50th Year: New Developments, Directions and Challenges},
	series = {Studies in Fuzziness and Soft Computing},
	volume = {341},
	publisher={Springer International Publishing},
	pages={3-19},
	year={2016}
}


@article{Dumitrescu1992,
	title = {{Fuzzy partitions with the connectives {$T_{\infty}$}, {$S_{\infty}$}}},
	author = {Dumitrescu, D.},
	journal = {Fuzzy Sets and Systems},
	volume = {47},
	number = {2},
	pages = {193-195},
	year = {1992}
}

@article{Durante2007,
	title={{Conjunctors and their Residual Implicators: Characterizations and Construction Methods}},
	author={Durante, F. and Klement, E. P. and Mesiar, R. and Sempi, C.},
	journal={Mediterranean Journal of Mathematics},
	volume={4},
	number={3},
	pages={343-356},
	year={2007}
}

@article{Dutta1993,
	title={{Fuzzy logic applications: Technological and strategic issues}}, 
	author={Dutta, S.},
	journal={IEEE Transactions on Engineering Management}, 
	volume={40},
	number={3},
	pages={237-254},
	year={1993}
}


%%% --- E --- %%%

@inproceedings{Esteva2011,
	title={{Fuzzy logics with truth hedges revisited}},
	author={Esteva, F. and Godo, L. and Noguera, C.},
	booktitle={Proceedings of the 7th conference of the European Society for Fuzzy Logic and Technology (EUSFLAT-11)},
	series = {Advances in Intelligent Systems Research},
	editor = {Galichet, S. and Montero, J. and Mauris, G.},
	volume = {17},
	publisher={Atlantis Press},
	pages={146-152},
	year={2011}
}

%%% --- F --- %%%

@inproceedings{Fayyad1996,
	title = {{Knowledge Discovery and Data Mining: Towards a Unifying Framework}},
	author = {Fayyad, U. M. and Piatetsky-Shapiro, G. and Smyth, P.},
	publisher = {AAAI Press},
	booktitle = {KDD'96: Proceedings of the Second International Conference on Knowledge Discovery and Data Mining},
	pages = {82–88},
	year = {1996}
}

@inproceedings{Fernandez-Peralta2018,
	title = {{On the Characterization of a Family of Generalized {Y}ager's Implications}},
	author = {Fernandez-Peralta, R. and Massanet, S.},
	editor = {Medina, J. and Ojeda-Aciego, M. and Verdegay, J. L. and Pelta, D. A. and Cabrera, I. P. and Bouchon-Meunier, B. and Yager, R. R.},
	booktitle = {Information Processing and Management of Uncertainty in Knowledge-Based Systems. Theory and Foundations},
	series = {Communications in Computer and Information Science},
	volume = {853},
	publisher={Springer International Publishing},
	pages={636 - 648},
	year = {2018}
}

@inproceedings{Fernandez-Peralta2019,
	title={{First Steps towards the characterization of {$(S,N)$}-implications with a non-continuous fuzzy negation}},
	author={Fernandez-Peralta, R. and Massanet, S.},
	editor={{De Baets}, B. and Godo, L. and Perfilieva, I. and Reformat, M.},
	booktitle={Book of Abstracts of the 11th Conference of the European Society for Fuzzy Logic and Technology},
	publisher={University of Ostrava},
	pages={50-51},
	year={2019}
}


@inproceedings{Fernandez-Peralta2020,
	title={{Is the Invariance with Respect to Powers of a t-norm a Restrictive Property on Fuzzy Implication Functions? {T}he Case of Strict t-norms}},
	author={Fernandez-Peralta, R. and Massanet, S. and Mir, A.},
	editor={Lesot, M. J. and Vieira, S. and Reformat, M. and Carvalho, J. P. and Wilbik, A. and Bouchon-Meunier, B. and Yager, R. R.},
	booktitle={Information Processing and Management of Uncertainty in Knowledge-Based Systems},
	publisher={Springer International Publishing},
	series = {Communications in Computer and Information Science},
	volume = {1238},
	pages={761-774},
	year={2020}
}

@article{Fernandez-Peralta2021,
	title = {{On strict T-power invariant implications: Properties and intersections}},
	author = {Fernandez-Peralta, R. and Massanet, S. and Mir, A.},
	journal = {Fuzzy Sets and Systems},
	volume = {423},
	pages = {1-28},
	year = {2021}
}

@article{Fernandez-Peralta2021B,
	title = {{Study of Two Families of Generalized Yager’s Implications for Describing the Structure of Generalized {$(h,e)$}-Implications}},
	author = {Fernandez-Peralta, R. and Massanet, S. and Mir, A.},
	journal = {Mathematics},
	volume = {9},
	number = {13},
	pages = {1490},
	year = {2021}
}

@inproceedings{Fernandez-Peralta2021C,
	title={{An analysis of the invariance property with respect to powers of nilpotent t-norms on fuzzy implication functions}},
	author={Fernandez-Peralta, R. and Massanet, S. and Mir, A.},
	editor={Mesiar, R. and Reformat, M. and Štěpnička, M.},
	booktitle={Book of Abstracts of The 19th World Congress of the International Fuzzy Systems Association, the 12th Conference of the European Society for Fuzzy Logic and Technology jointly with the AGOP, IJCRS, and FQAS conferences},
	publisher={University of Ostrava},
	pages={77-77},
	year={2021}
}


@article{Fernandez-Peralta2022,
	title = {{An analysis of the invariance property with respect to powers of nilpotent t-norms on fuzzy implication functions}},
	author={Fernandez-Peralta, R. and Massanet, S. and Mir, A.},
	journal = {Fuzzy Sets and Systems},
	volume={466},
	pages ={108444},
	year = {2023}
}

@article{Fernandez-Peralta2022B,
	title = {{Characterization of generalized {$(h,e)$}-implications based on the characterization of {$(f,e)$} and {$(g,e)$}-implications}},
	author={Fernandez-Peralta, R. and Massanet, S. and Mir, A.},
	journal = {Information Sciences},
	volume = {612},
	pages = {1145-1170},
	year = {2022}
}

@article{Fernandez-Peralta2022C,
	title = {{A general framework for the characterization of {$(S,N)$}-implications with a non-continuous negation based on completions of t-conorms}},
	author = {Fernandez-Peralta, R. and Massanet, S. and Mesiarová-Zemánková, A. and Mir, A.},
	journal = {Fuzzy Sets and Systems},
	volume = {441},
	pages = {1-32},
	year = {2022}
}

@inproceedings{Fernandez-Peralta2022D,
	author={Fernandez-Peralta, R.},
	title={{Equivalence and solution of the characterization of {$(S,N)$}-implications and the completion of t-norms}},
	editor={},
	booktitle={Book of Abstracts of the 4th Bringing Young Mathematicians Together},
	publisher={Universitat de València},
	pages={49-49},
	year={2022}
}

@article{Fernandez-PeraltaSub,
	author = {Fernandez-Peralta, R. and Massanet, S. and Mesiarová-Zemánková, A. and Mir, A.},
	title = {{Determination of the continuous completions of conditionally cancellative pre-t-norms associated with the characterization of {$(S,N)$}-implications: {P}art {I}}},
	journal={Fuzzy Sets and Systems},
	volume = {468},
	pages={108614},
	year={2023}
}

@article{Fernandez-PeraltaSubB,
	title = {{Determination of the continuous completions of conditionally cancellative pre-t-norms associated with the characterization of {$(S,N)$}-implications: {P}art {II}}},
	author = {Fernandez-Peralta, R. and Massanet, S. and Mesiarová-Zemánková, A. and Mir, A.},
	year = {(In revision (minor) at Fuzzy Sets and Systems in 2023)}
}

@article{Fernandez-PeraltaSubC,
	title = {{On valuable and troubling practices in the research on classes of fuzzy implication functions}},
	author = {Fernandez-Peralta, R. and Massanet, S. and Baczy{\'{n}}ski, M. and Jayaram, B.},
	year = {(Submitted to Fuzzy Sets and Systems in 2023)}
}

@article{Fernandez-PeraltaSubCongA,
	title = {{Characterization and construction of the continuous completions of some pre-t-norms}},
	author = {Fernandez-Peralta, R. and Massanet, S. and Mesiarová-Zemánková, A. and Mir, A.},
	year = {(Accepted at EUSFLAT 2023)}
}

@article{Fernandez-PeraltaSubCongB,
	title = {{A new approach to subgroup discovery based on fuzzy implication functions}},
	author = {Fernandez-Peralta, R. and Massanet, S. and Jayaram, B.},
	year = {(Accepted at EUSFLAT 2023)}
}

@article{Fernandez-PeraltaSubCongC,
	title = {{Subgroup Discovery through Sharp Transitions using Implicative Type Rules}},
	author = {Fernandez-Peralta, R. and Massanet, S. and Gupta, M. and Nanavati, K. and Jayaram, B.},
	year = {(Accepted at FUZZ-IEEE 2023)}
}

@article{FernandezSanchez2023,
	title = {{A generalization of a copula-based construction of fuzzy implications}},
	author = {Fernández-Sánchez, J. and Kolesárová, A. and Mesiar, R. and Quesada-Molina, J. J. and Úbeda-Flores, M.},
	journal = {Fuzzy Sets and Systems},
	volume = {456},
	pages = {197-207},
	year = {2023}
}

@book{Fodor1994,
	title = {{Fuzzy Preference Modelling and Multicriteria Decision Support}},
	author = {Fodor, J. and Roubens, M.},
	publisher = {Kluwer Academic Publishers},
	year = {1994}
}

@inbook{Fodor2007,
	title={{Uninorm Basics}},
	author={Fodor, J. and {De Baets}, B.},
	editor={Wang, P. P. and Ruan, D. and Kerre, E. E.},
	bookTitle={Fuzzy Logic: A Spectrum of Theoretical {\&} Practical Issues},
	series = {Studies in Fuzziness and Soft Computing},
	volume ={215},
	publisher={Springer Berlin Heidelberg},
	pages={49-64},
	year={2007}
}

%%% --- G --- %%%

@article{Gaines1985,
	title = {{From fuzzy logic to expert systems}},
	author = {Gaines, B. R.  and Shaw, M. L. G.},
	journal = {Information Sciences},
	volume = {36},
	number = {1},
	pages = {5-16},
	year = {1985}
}

@article{Gamberger2002,
	title = {{Expert-Guided Subgroup Discovery: Methodology and Application}},
	author = {Gamberger, D. and Lavra{\v{c}}, N.},
	journal = {Journal of Artificial Intelligence Research},
	volume = {17},
	number = {1},
	pages = {501–527},
	year = {2002}
}

@article{Garrido2012, 
	title={{A Brief History of Fuzzy Logic}}, 
	author={Garrido, A.},
	journal={BRAIN. Broad Research in Artificial Intelligence and Neuroscience}, 
	volume={3}, 
	number={1},
	year={2012}, 
	pages={71-77}
 }

@article{Gayon2016,
	title = {{From Mendel to epigenetics: History of genetics}},
	author = {Gayon, J.},
	journal = {Comptes Rendus Biologies},
	volume = {339},
	number = {7},
	pages = {225-230},
	year = {2016}
}

@book{Godehard2004,
	title = {{One Hundred Years of Russell's Paradox: Mathematics, Logic, Philosophy}},
	editor = {Link, G.},
	publisher = {De Gruyter},
	year = {2004}
}

@article{Godel1932,
	title = {{Zum Intuitionistischen Aussagenkalk\"{u}l}},
	author = {G\"{o}del, K.},
	journal = {Anzeiger der Akademie der Wissenschaften in Wien},
	volume = {69},
	pages = {65-66},
	year = {1932}
}

@article{Goguen1967,
	title = {{L-fuzzy sets}},
	author = {Goguen, J.A},
	journal = {Journal of Mathematical Analysis and Applications},
	volume = {18},
	number = {1},
	pages = {145-174},
	year = {1967}
}

@article{Gonzalez-Hidalgo2015,
	title={{On the Choice of the Pair Conjunction–Implication Into the Fuzzy Morphological Edge Detector}}, 
	author={Gonz{\'{a}}lez-Hidalgo, M. and Massanet, S. and Mir, A. and Ruiz-Aguilera, D.},
	journal={IEEE Transactions on Fuzzy Systems}, 
	volume={23},
	pages={872-884},
	year={2015}
}

@book{Gottwald2001,
	title = {{A Treatise on Many-Valued Logic}},
	author = {Gottwald, S.},
	publisher = {Research Studies Press},
	year = {2001}
}

@book{Grabisch2009, 
	title={{Aggregation Functions}}, 
	author={Grabisch, M. and Marichal, J.-L. and Mesiar, R. and Pap, E.}, 
	series={Encyclopedia of Mathematics and its Applications},
	volume = {127},
	publisher={Cambridge University Press},
	year={2009}
}

@inproceedings{Grzegorzewski2011,
	title={{Probabilistic Implications}},
	author={Grzegorzewski, P.},
	editor = {Galichet, S. and Montero, J. and Mauris, G.},
	booktitle={Proceedings of the 7th conference of the European Society for Fuzzy Logic and Technology (EUSFLAT-11)},
	series = {Advances in Intelligent Systems Research},
	publisher={Atlantis Press},
	volume = {17},
	pages={254-258},
	year={2011}
}

@inproceedings{Grzegorzewski2012,
	title={{Survival Implications}},
	author={Grzegorzewski, P.},
	editor={Greco, S. and Bouchon-Meunier, B. and Coletti, G. and Fedrizzi, M. and Matarazzo, B. and Yager, R. R.},
	booktitle={Advances in Computational Intelligence. IPMU 2012},
	series = {Communications in Computer and Information Science},
	volume = {298},
	publisher={Springer Berlin Heidelberg},
	pages={335-344},
	volume={298},
	year={2012}
}

@article{Grzegorzewski2013,
	title = {{Probabilistic implications}},
	author={Grzegorzewski, P.},
	journal = {Fuzzy Sets and Systems},
	volume = {226},
	pages = {53-66},
	year = {2013}
}

@inproceedings{Grosskreutz2008,
	title={{Tight Optimistic Estimates for Fast Subgroup Discovery}},
	author={Grosskreutz, H. and R{\"u}ping, S. and Wrobel, S.},
	editor={Daelemans, W. and Goethals, B. and Morik, K.},
	booktitle={Machine Learning and Knowledge Discovery in Databases. ECML PKDD 2008},
	series = {Lecture Notes in Computer Science},
	volume={5211},
	publisher={Springer Berlin Heidelberg},
	pages={440-456},
	year={2008}
}

@inproceedings{Grosskreutz2009,
	title={{On Subgroup Discovery in Numerical Domains}},
	author={Grosskreutz, H. and R{\"u}ping, S.},
	editor={Buntine, W. and Grobelnik, M. and Mladeni{\'{c}}, D. and Shawe-Taylor, J.},
	booktitle={Machine Learning and Knowledge Discovery in Databases. ECML PKDD 2009},
	series = {Lecture Notes in Computer Science},
	publisher={Springer Berlin Heidelberg},
	volume = {5781},
	pages={30-30},
	year={2009}
}

@article{Gupta2022,
	title = {{A gentle introduction and survey on Computing with Words (CWW) methodologies}},
	author = {Gupta, P. K. and Andreu-Perez, J.},
	journal = {Neurocomputing},
	volume = {500},
	pages = {921-937},
	year = {2022}
}

%%% --- H --- %%%

@inproceedings{Hallam1999,
	title={The convexity of the set of all fuzzy implications: a systematic way of deriving potential fuzzy implications}, 
	author={Hallam, N. E.},
	booktitle={FUZZ-IEEE'99. 1999 IEEE International Fuzzy Systems. Conference Proceedings (Cat. No.99CH36315)}, 
	volume={1},
	number={},
	pages={184-189},
	year={1999}
}

@book{Hajek1998,
	title = {{Metamathematics of Fuzzy Logic}},
	author = {Hájek, P.},
	publisher = {Springer Dordrecht},
	year = {1998}
}

@book{Han2012,
	title = {{Data Mining: Concepts and Techniques}},
	author = {Han, J. and Pei, J. and Kamber, M.},
	publisher = {Elsevier},
	year = {2012}
}

@article{Helal2016,
	title={{Subgroup Discovery Algorithms: A Survey and Empirical Evaluation}}, 
	author={Helal, S.},
	journal={Journal of Computer Science and Technology}, 
	volume={31},
	pages={561-576},
	year={2016}
}

@article{Helbin2019,
	title = {{Some properties of fuzzy implications based on copulas}},
	author = {Helbin, P. and Baczyński, M. and Grzegorzewski, P. and Niemyska, W.S},
	journal = {Information Sciences},
	volume = {502},
	pages = {1-17},
	year = {2019}
}

@article{Hempel1939,
	title = {Vagueness and Logic},
	author = {Hempel, C. G. },
	journal = {Philosophy of Science},
	volume = {6},
	number = {2},
	pages = {163-180},
	year = {1939}
}

@article{Herrera2011,
	title = {{An overview on subgroup discovery: foundations and applications}},
	author = {Herrera, F. and Carmona, C. J. and González, P. and {del Jesus}, M. J.},
	journal = {Knowledge and Information Systems},
	volume = {29},
	pages = {495-525},
	year = {2011}
}

@inproceedings{Hlinena2012,
	title={{Generated Implications Revisited}},
	author={Hlin{\v{e}}n{\'a}, D. and Kalina, M. and Kr{\'a}l', P.},
	editor={Greco, S. and Bouchon-Meunier, B. and Coletti, G. and Fedrizzi, M. and Matarazzo, B. and Yager, R. R.},
	booktitle={Advances in Computational Intelligence. IPMU 2012},
	series={Communications in Computer and Information Science},
	volume={298},
	publisher={Springer Berlin Heidelberg},
	pages={345-354},
	year={2012}
}

@article{Herrera2008,
	title={{Genetic fuzzy systems: taxonomy, current research trends and prospects}},
	author={Herrera, F.},
	journal={Evolutionary Intelligence},
	volume={1},
	number={1},
	pages={27-46},
	year={2008}
}

@inbook{Hlinena2013,
	title={{Implication Functions Generated Using Functions of One Variable}},
	author={Hlin{\v{e}}n{\'a}, D. and Kalina, M. and Kr{\'a}l', P.},
	booktitle={Advances in Fuzzy Implication Functions},
	series = {Studies in Fuzziness and Soft Computing},
	volume = {300},
	publisher={Springer Berlin Heidelberg},
	pages={125-153},
	year={2013}
}

@inproceedings{Hlinena2013B,
	title={{Implications Generated by Triples of Monotone Functions}},
	author={Hlin{\v{e}}n{\'a}, D. and Kalina, M. and Kr{\'a}l', P.},
	editor={Bustince, H. and Fernandez, J. and Mesiar, R. and Calvo, T.},
	booktitle={Aggregation Functions in Theory and in Practise},
	series = {Advances in Intelligent Systems and Computing},
	volume = {228},
	publisher={Springer Berlin Heidelberg},
	pages={441-452},
	year={2013}
}


@article{Hlinena2014,
	title = {{A class of implications related to Yager’s $f$-implications}},
	author={Hlin{\v{e}}n{\'a}, D. and Kalina, M. and Kr{\'a}l', P.},
	journal = {Information Sciences},
	volume = {260},
	pages = {171-184},
	year = {2014}
}

@inproceedings{Hussain2000,
	title={{Exception Rule Mining with a Relative Interestingness Measure}},
	author={Hussain, F. and Liu, H. and Suzuki, E. and Lu, H.},
	editor={Terano, T. and Liu, H. and Chen, A. L. P.},
	booktitle={Knowledge Discovery and Data Mining. Current Issues and New Applications. PAKDD 2000},
	series ={Lecture Notes in Computer Science},
	volume={1805},
	publisher={Springer Berlin Heidelberg},
	pages={86-97},
	year={2000}
}

%%% --- I --- %%%

@article{Ivanov2015,
	title={{A review of fuzzy methods in automotive engineering applications}},
	author={Ivanov, V.},
	journal={European Transport Research Review},
	volume={7},
	number={3},
	pages={29},
	year = {2015}
}

%%% --- J --- %%%

@article{Jayaram2006,
	title = {{Contrapositive symmetrisation of fuzzy implications-Revisited}},
	author = {Jayaram, B.},
	journal = {Fuzzy Sets and Systems},
	volume = {157},
	number = {17},
	pages = {2291-2310},
	year = {2006}
}

@article{Jayaram2008,
	title={{On the Law of Importation  $(x \wedge y) \longrightarrow z \equiv (x \longrightarrow (y \longrightarrow z))$ in Fuzzy Logic}},
	author={Jayaram, B.},
	journal={IEEE Transactions on Fuzzy Systems},
	volume={16},
	pages={130-144},
	year={2008}
}

@article{Jayaram2008B,
	title = {{Rule reduction for efficient inferencing in similarity based reasoning}},
	author = {Jayaram, B.},
	journal = {International Journal of Approximate Reasoning},
	volume = {48},
	number = {1},
	pages = {156-173},
	year = {2008}
}

@article{Jayaram2009,
	title = {{On special fuzzy implications}},
	author = {Jayaram, B. and Mesiar, R.},
	journal = {Fuzzy Sets and Systems},
	volume = {160},
	number = {14},
	pages = {2063-2085},
	year = {2009}
}

@article{Jenei1998, 
	title={{Geometry of Left-continuous Triangular Norms with Strong Induced Negations}}, 
	author = {Jenei, S.},
	journal={Belgian Journal of Operations Research, Statistics, and Computer Science},
	volume={38}, 
	number={2-3},
	pages={5–16}, 
	year={1998}
}

@article{Jenei2005,
	title = {{On the determination of left-continuous t-norms and continuous Archimedean t-norms on some segments}},
	author = {Jenei, S.},
	journal = {Aequationes mathematicae},
	volume = {70},
	pages = {177-188},
	year = {2005}
}

@inproceedings{Jovanoski2001,
	title={{Classification Rule Learning with APRIORI-C}},
	author={Jovanoski, V. and Lavra{\v{c}}, N.},
	editor={Brazdil, P. and Jorge, A.},
	booktitle={Progress in Artificial Intelligence. EPIA 2001},
	series = {Lecture Notes in Computer Science},
	volume = {2258},
	publisher={Springer Berlin Heidelberg},
	pages={44-51},
	year={2001}
}

%%% --- K --- %%%

@book{Kacprzyk2015,
	title = {Springer Handbook of Computational Intelligence},
	author = {Kacprzyk, J. and Pedrycz, W.},
	publisher = {Springer Berlin Heidelberg},
	series = {Springer Handbooks},
	year = {2015}
}

@inproceedings{Kavsek2003,
	title={{APRIORI-SD: Adapting Association Rule Learning to Subgroup Discovery}},
	author={Kav{\v{s}}ek, B. and Lavra{\v{c}}, N. and Jovanoski, V.},
	editor={Berthold, M. R. and Lenz, H.-J. and Bradley, E. and Kruse, R. and Borgelt, C.},
	booktitle={Advances in Intelligent Data Analysis V. IDA 2003},
	series = {Lecture Notes in Computer Science},
	volume={2810},
	publisher={Springer Berlin Heidelberg},
	pages={230-241},
	year={2003}
}

@book{Kerre2000,
	title={{Fuzzy techniques in image processing}},
	author={Kerre, E. E. and Nachtegael, M.},
	publisher={Physica Heidelberg},
	series = {Studies in Fuzziness and Soft Computing},
	volume = {52},
	year={2000}
}

@article{Kimberling1973,
	title = {{On a class of associative functions}},
	author = {Kimberling, C. H.},
	journal = {Publicationes Mathematicae Debrecen},
	volume = {20},
	pages = {21- 39},
	year = {1973}
}

@article{Klement1999,
	title = {{Quasi- and pseudo-inverses of monotone functions, and the construction of t-norms}},
	author = {Klement, E. P. and Mesiar, R. and Pap, E.},
	journal = {Fuzzy Sets and Systems},
	volume = {104},
	number = {1},
	pages = {3-13},
	year = {1999}
}

@book{Klement2000,
  	title = {Triangular norms},
	author = {Klement, E. P. and Mesiar, R. and Pap, E.},
  	publisher = {Kluwer Academic Publishers},
	series = {Trends in Logic},
	volume = {8},	
	year = {2000}
}

@book{Klir1995,
	title = {{Fuzzy Sets and Fuzzy Logic: Theory and Applications}},
	author = {Klir, G. J. and Yuan, B.},
	publisher = {Prentice-Hall},
	year = {1995}
}

@collection{Klir1996,
	title = {{Fuzzy Sets, Fuzzy Logic, and Fuzzy Systems: Selected Papers by Lotfi A. Zadeh}},
	editor = {Klir, G. J. and Yuan, B.},
	publisher = {World Scientific Publishing Co.},
	year = {1996}
}

@inbook{Klosgen1996,
	title = {{Explora: A Multipattern and Multistrategy Discovery Assistant}},
	author = {Kl\"{o}sgen, W.},
	publisher = {American Association for Artificial Intelligence},
	booktitle = {Advances in Knowledge Discovery and Data Mining},
	editor = {Fayyad, U. M. and Piatetsky-Shapiro, G.},
	pages = {249-271},
	year = {1996}
}

@article{Klosgen2003,
	title = {{Mining census data for spatial effects on mortality}},
	author = {Kl\"{o}sgen, W. and May, M. and Petch, J.},
	journal = {Intellgent Data Analysis},
	volume = {7},
	pages = {521-540},
	year = {2003}
}

@article{Kosko1990,
	title={{Fuzziness vs. Probability}},
	author={Kosko, B.},
	journal={International Journal of General Systems},
	volume={17},
	pages={211-240},
	year={1990}
}

@inproceedings{Krol2011,
	title={{Dependencies between fuzzy conjunctions and implications}},
	author={Król, A.},
	editor = {Galichet, S. and Montero, J. and Mauris, G.},
	booktitle={Proceedings of the 7th conference of the {E}uropean {S}ociety for {F}uzzy {L}ogic and {T}echnology ({EUSFLAT}-11)},
	series={Advances in Intelligent Systems Research},
	volume = {17},
	publisher={Atlantis Press},
	pages={230-237},
	year={2011}
}

@inproceedings{Krol2013,
	title={{Generating of fuzzy implications}},
	author={Król, A.},
	editor = {Pasi, G. and Montero, J. and Ciucci, D.},
	booktitle={Proceedings of the 8th conference of the European Society for Fuzzy Logic and Technology (EUSFLAT-13)},
	series = {Advances in Intelligent Systems Research},
	volume = {32},
	publisher={Atlantis Press},
	pages={798-803},
	year={2013}
}

@book{Kuczma1968,
	title={{Functional equations}},
	author={Kuczma, M.},
	publisher={Warszawa [PWN-Polish Scientific Publishers]},
	year={1968}
}

%%% --- L --- %%%

@article{Laenge2021,
	title = {{Forty years of Fuzzy Sets and Systems: A bibliometric analysis}},
	author = {Laengle, S. and Lobos, V. and Merigó, J. M. and {Herrera-Viedma}, E. and Cobo, M. J and {De Baets}, B.},
	journal = {Fuzzy Sets and Systems},
	volume = {402},
	pages = {155-183},
	year = {2021}
}

@article{Lakoff1973,
	title = {{Hedges: A study in meaning criteria and the logic of fuzzy concepts}},
	author = {Lakoff, G.},
	journal = {Journal of Philosophical Logic},
	volume = {2},
	number = {4},
	pages = {458-508},
	year = {1973}
}

@book{Laplace1812,
	title = {Théorie analytique des probabilités},
	author = {Laplace, {P.-S.}},
	publisher = {Courcier},
	year = {1812}
}

@book{Laplace1902,
	title = {{A Philosophical Essay on Probabilities}},
	author = {Laplace, {P.-S.}},
	publisher = {Chapman and Hall},
	year = {1902},
	note = {translated by F.W. Truscott and F.L. Emory}
}

@article{Lavrac2004,
	title = {{Subgroup discovery with CN2-SD}},
	author = {Lavra{\v{c}}, N. and Kavšek, B. and Flach, P. and Todorovski, L.},
	journal = {Journal of Machine Learning Research},
	volume = {5},
	pages = {153-188},
	year = {2004}
}

@article{Leeuwen2012,
	title = {{Diverse Subgroup Set Discovery}},
	author = {{van Leeuwen}, M. and Knobbe, A.},
	journal = {Data Mining Knowledge Discovery},
	volume = {25},
	number = {2},
	pages = {208-242},
	year = {2012}
}

@inproceedings{Leeuwen2013,
	title={{Discovering Skylines of Subgroup Sets}},
	author={{van Leeuwen}, M. and Ukkonen, A.},
	editor={Blockeel, H. and Kersting, K. and Nijssen, S. and {\v{Z}}elezn{\'y}, F.},
	booktitle={Machine Learning and Knowledge Discovery in Databases. ECML PKDD 2013},
	series = {Lecture Notes in Computer Science},
	volume={8190},
	publisher={Springer Berlin Heidelberg},
	pages={272-287},
	year={2013}
}

@article{Lemmerich2016,
	title={{Fast exhaustive subgroup discovery with numerical target concepts}},
	author={Lemmerich, F. and Atzmueller, M. and Puppe, F.},
	journal={Data Mining and Knowledge Discovery},
	volume={30},
	pages={711-762},
	year={2016}
}

@inproceedings{Litz1996,
	title={{An advanced inference strategy for fuzzy control based on a new fuzzy implication function}}, 
	author={Litz, L. and Konig, H.},
	booktitle={Proceedings of IEEE 5th International Fuzzy Systems}, 
	volume={},
	number={},
	pages={1296-1302},
	year={1996}
}

@article{Liu2011,
	title = {Two classes of pseudo-triangular norms and fuzzy implications},
	author = {Liu, H.-W.},
	journal = {Computers \& Mathematics with Applications},
	volume = {61},
	number = {4},
	pages = {783-789},
	year = {2011}
}

@article{Liu2012,
	title={{On a New Class of Implications: (G, Min)-Implications and Several Classical Tautologies}},
	author = {Liu, H.-W.},
	journal={International Journal of Uncertainty, Fuzziness and Knowledge-Based Systems},
	volume={20},
	number={1},
	pages={1-20},
	year={2012}
}

@article{Liu2012B,
	title = {{Semi-uninorms and implications on a complete lattice}},
	author = {Liu, H.-W.},
	journal = {Fuzzy Sets and Systems},
	volume = {191},
	pages = {72-82},
	year = {2012}
}

@article{Liu2013,
	title={{Fuzzy Implications Derived From Generalized Additive Generators of Representable Uninorms}}, 
	author = {Liu, H.-W.},
	journal={IEEE Transactions on Fuzzy Systems}, 
	volume={21},
	number={3},
	pages={555-566},
	year={2013}
}

@article{Liu2013B,
	title = {{A new class of fuzzy implications derived from generalized $h$-generators}},
	author = {Liu, H.-W.},
	journal = {Fuzzy Sets and Systems},
	volume = {224},
	pages = {63-92},
	year = {2013}
}

@article{Liu2020,
	title = {{A review of fuzzy AHP methods for decision-making with subjective judgements}},
	author = {Liu, Y. and Eckert, C. M. and Earl, C.},
	journal = {Expert Systems with Applications},
	volume = {161},
	pages = {113738},
	year = {2020}
}

@article{Li2008,
	title = {{A FCM-based deterministic forecasting model for fuzzy time series}},
	author = {Li, S.-T. and Cheng, Y.-C. and Lin, S.-Y.},
	journal = {Computers \& Mathematics with Applications},
	volume = {56},
	number = {12},
	pages = {3052-3063},
	year = {2008}
}

@inproceedings{Li2017,
	title={{Multiple Fuzzy Implications and Their Generating Methods}},
	author={Li, F. and Pei, D.-W.},
	editor={Fan, T.-H. and Chen, S.-L. and Wang, S.-M. and Li, Y.-M.},
	booktitle={Quantitative Logic and Soft Computing 2016},
	series = {Advances in Intelligent Systems and Computing},
	volume = {510},
	publisher={Springer International Publishing},
	pages={273-280},
	year={2017}
}

@article{Li2018,
	title = {{On properties of uninorms locally internal on the boundary}},
	author = {Li, G. and Liu, H.-W.},
	journal = {Fuzzy Sets and Systems},
	volume = {332},
	pages = {116-128},
	year = {2018}
}

@article{Li2022,
	title = {{Modus Ponens property of $T$-power based implications}},
	author = {Li, W.-H. and Qin, F. and Xie, A.-F.},
	journal = {Fuzzy Sets and Systems},
	volume = {431},
	pages = {129-142},
	year = {2022}
}

@article{Li2023,
	title = {{Investigations of $T$-power based implications satisfying some functional equations related to reasoning schemes}},
	author = {Li, W.-H. and Qin, F. and Zhang, T.-H.},
	journal = {International Journal of Approximate Reasoning},
	volume = {158},
	pages = {108918},
	year = {2023}
}

@inproceedings{Lijffijt2018,
	title={{Subjectively Interesting Subgroup Discovery on Real-Valued Targets}}, 
	author={Lijffijt, J. and Kang, B. and Duivesteijn, W. and Puolamaki, K. and Oikarinen, E. and {De Bie}, T.},
	booktitle={2018 IEEE 34th International Conference on Data Engineering (ICDE)}, 
	volume={},
	number={},
	pages={1352-1355},
	year={2018}
}

@article{Lukasiewicz1920,
	title = {{O logice trójwartościowej}},
	author = {Łukasiewicz, J.},
	journal = {Studia Filozoficzne},
	number = {5},
	volume = {270},
	year = {1920},
	note = {English translation: On Three-Valued Logic. In \textit{Jan  Łukasiewicz Selected Works.}
	 (L. Borkowski, ed.), North Holland, 87-88, 1990}
}

@article{Luna2014,
	title={{On the Use of Genetic Programming for Mining Comprehensible Rules in Subgroup Discovery}}, 
	author={Luna, J. M. and Romero, J. R. and Romero, C. and Ventura, S.},
	journal={IEEE Transactions on Cybernetics}, 
	volume={44},
	number={12},
	pages={2329-2341},
	year={2014}
}

%%% --- M --- %%%

@article{Mac2016,
	title = {{Heuristic approaches in robot path planning: A survey}},
	author = {Mac, T. T. and Copot, C. and Tran, D.-T. and {De Keyser}, R.},
	journal = {Robotics and Autonomous Systems},
	volume = {86},
	pages = {13-28},
	year = {2016}
}

@article{Mardani2015,
	title = {{Fuzzy multiple criteria decision-making techniques and applications – Two decades review from 1994 to 2014}},
	author = {Mardani, A. and Jusoh, A. and Zavadskas, E. K.},
	journal = {Expert Systems with Applications},
	volume = {42},
	number = {8},
	pages = {4126-4148},
	year = {2015}
}

@book{Marks1994,
	title = {{Fuzzy Logic Technology and Applications I}},
	author = {Marks, R. J.},
	publisher = {IEEE Press},
	year = {1994}
}


@article{Mas2006,
	title={{$QL$-implications versus $D$-implications}}, 
	author={Mas, M. and Monserrat, M. and Torrens, J.},
	journal={Kybernetika}, 
	volume={42},
	number={3},
	pages={351-366},
	year={2006}
}


@article{Mas2007,
	title={{A Survey on Fuzzy Implication Functions}}, 
	author={Mas, M. and Monserrat, M. and Torrens, J. and Trillas, E.},
	journal={IEEE Transactions on Fuzzy Systems}, 
	volume={15},
	number={6},
	pages={1107-1121},
	year={2007}
}

@article{Mas2007B,
	title = {{Two types of implications derived from uninorms}},
	author = {Mas, M. and Monserrat, M. and Torrens, J.},
	journal = {Fuzzy Sets and Systems},
	volume = {158},
	number = {23},
	pages = {2612-2626},
	year = {2007}
}

@article{Mas2015,
	journal={Journal of Intelligent \& Fuzzy Systems}, 
	author={Mas, M. and Massanet, S. and Ruiz-Aguilera, D. and Torrens, J.},
	title={{A survey on the existing classes of uninorms}}, 
	volume={29},
	number={3},
	pages={1021-1037},
	year={2015}
}

@article{Massanet2011A,
	author = {Massanet, S. and Torrens, J.},
	title = {{On a new class of fuzzy implications: $h$-Implications and generalizations}},
	journal = {Information Sciences},
	volume = {181},
	pages = {2111-2127},
	year = {2011}
}

@article{Massanet2011B,
	title = {{The law of importation versus the exchange principle on fuzzy implications}},
	author = {Massanet, S. and Torrens, J.},
	journal = {Fuzzy Sets and Systems},
	volume = {168},
	pages = {47-69},
	year = {2011}
}

@article{Massanet2012A,
	title = {{Threshold generation method of construction of a new implication from two given ones}},
	author = {Massanet, S. and Torrens, J.},
	journal = {Fuzzy Sets and Systems},
	volume = {205},
	pages = {50-75},
	year = {2012}
}

@article{Massanet2012B,
	title = {{On the characterization of Yager’s implications}},
	author = {Massanet, S. and Torrens, J.},
	journal = {Information Sciences},
	volume = {201},
	pages = {1-18},
	year = {2012}
}

@inproceedings{Massanet2012C,
	title={{On a Generalization of Yager's Implications}},
	author = {Massanet, S. and Torrens, J.},
	editor={ Greco, S. and Bouchon-Meunier, B. and Coletti, G. and Fedrizzi, M. and Matarazzo, B. and Yager, R. R.},
	booktitle={Advances in Computational Intelligence. IPMU 2012},
	series={Communications in Computer and Information Science},
	volume={298},
	publisher={Springer Berlin Heidelberg},
	pages={315-324},
	year={2012}
}

@article{Massanet2013,
	title = {{On the vertical threshold generation method of fuzzy implication and its properties}},
	author = {Massanet, S. and Torrens, J.},
	journal = {Fuzzy Sets and Systems},
	volume = {226},
	pages = {32-52},
	year = {2013}
}

@inproceedings{Massanet2013B,
	title     = {{An extension of Yager's implications}},
	author = {Massanet, S. and Torrens, J.},
	editor = {Pasi, G. and Montero, J. and Ciucci, D.},
	booktitle = {Proceedings of the 8th conference of the European Society for Fuzzy Logic and Technology (EUSFLAT-13)},
	series = {Advances in Intelligent Systems Research},
	volume = {32},
	publisher = {Atlantis Press},
	pages = {597-604},
	year = {2013}
}

@inproceedings{Massanet2014,
	title     = {{On Fuzzy Polynomial Implications}},
	author    = {Massanet, S. and Riera, J. V. and  Ruiz-Aguilera, D.},
	editor    = {Laurent, A. and Strauss, O. and Bouchon-Meunier, B. and Yager, R. R.},
	booktitle = { Information Processing and Management of Uncertainty in Knowledge-Based Systems. IPMU 2014},
	series    = {Communications in Computer and Information Science},
	volume    = {442},
	pages     = {138-147},
	publisher = {Springer Cham},
	year      = {2014}
}

@inproceedings{Massanet2015,
	title={{On (OP)-polynomial implications}},
	author    = {Massanet, S. and Riera, J. V. and  Ruiz-Aguilera, D.},
	editor = {Alonso, J. M. and Bustince, H. and Reformat, M.},
	booktitle={Proceedings of the 2015 Conference of the International Fuzzy Systems Association and the European Society for Fuzzy Logic and Technology},
	series = {Advances in Intelligent Systems Research},
	volume = {89},
	publisher={Atlantis Press},
	pages={1208-1215},
	year={2015}
}

@inproceedings{Massanet2016,
	title={{On rational fuzzy implication functions}}, 
	author    = {Massanet, S. and Riera, J. V. and  Ruiz-Aguilera, D.},
	booktitle={2016 IEEE International Conference on Fuzzy Systems (FUZZ-IEEE)}, 
	volume={},
	number={},
	pages={272-279},
	year={2016}
}

@inproceedings{Massanet2016b,
	title={{A New Look on the Ordinal Sum of Fuzzy Implication Functions}},
	author={Massanet, S. and Riera, J. V. and Torrens, J.},
	editor={Carvalho, J. P. and Lesot, M.-J. and Kaymak, U. and Vieira, S. and Bouchon-Meunier, B. and Yager, R. R.},
	booktitle={Processing and Management of Uncertainty in Knowledge-Based Systems. IPMU 2016},
	series = {Communications in Computer and Information Science},
	volume = {610},
	publisher={Springer International Publishing},
	pages={399-410},
	year={2016}
}

@article{Massanet2017,
	title = {{Fuzzy implication functions based on powers of continuous t-norms}},
	author = {Massanet, S. and Recasens, J. and Torrens, J.},
	journal = {International Journal of Approximate Reasoning},
	volume = {83},
	pages = {265-279},
	year = {2017}
}

@article{Massanet2017B,
	title = {{From three to one: Equivalence and characterization of material implications derived from co-copulas, probabilistic $S$-implications and survival $S$-implications}},
	author = {Massanet, S. and Pradera, A. and Ruiz-Aguilera, D. and Torrens, J.},
	journal = {Fuzzy Sets and Systems},
	volume = {323},
	pages = {103-116},
	year = {2017}
}

@inproceedings{Massanet2018,
	title={{On Linear and Quadratic Constructions of Fuzzy Implication Functions}},
	author={Massanet, S. and Riera, J. V. and Torrens, J.},
	editor={Medina, J. and Ojeda-Aciego, M. and Verdegay, J. L. and Pelta, D. A. and Cabrera, I. P. and Bouchon-Meunier, B. and Yager, R. R.},
	booktitle={Information Processing and Management of Uncertainty in Knowledge-Based Systems. Theory and Foundations. IPMU 2018},
	series = {Communications in Computer and Information Science},
	volume = {853},
	publisher={Springer International Publishing},
	pages={623-635},
	year={2018}
}

@article{Massanet2019,
	title = {{Corrigendum to ``{F}uzzy implication functions based on powers of continuous  t-norms''' [{I}nt. {J}. {A}pprox. {R}eason. 83 {(2017)} 265-279]}},
	author = {Massanet, S. and Recasens, J. and Torrens, J.},
  	journal = {International Journal of Approximate Reasoning},
  	volume = {104},
 	 pages = {144-147},
 	 year = {2019}
}

@article{Massanet2019B,
	title = {{Some characterizations of $T$-power based implications}},
	author = {Massanet, S. and Recasens, J. and Torrens, J.},
	journal = {Fuzzy Sets and Systems},
	volume = {359},
	pages = {42-62},
	year = {2019}
}

@incollection{Massanet2019C,
	title={{Tidying up the Mess of classes of fuzzy implication functions}},
	author={Massanet, S.},
	editor={Halas, R. and Gagolewski, M. and Mesiar, R.},
	booktitle={Book of abstracts of the 10th International Summer School on Aggregation Operators},
	publisher={Olomouc University},
	pages={1-2},
	year={2019}
}

@article{Massanet2019D,
	title = {{Equivalence and characterization of probabilistic and survival implications}},
	author = {Massanet, S. and Pradera, A. and Ruiz-Aguilera, D. and Torrens, J.},
	journal = {Fuzzy Sets and Systems},
	volume = {359},
	pages = {63-79},
	year = {2019}
}

@article{Massanet2022,
	title = {{Fuzzy implication functions with a specific expression: The polynomial case}},
	author = {Massanet, S. and Mir, A. and Riera, J. V. and Ruiz-Aguilera, D.},
	journal = {Fuzzy Sets and Systems},
	volume = {451},
	pages = {176-195},
	year = {2022}
}

@article{Menger1942,
	title={{Statistical Metrics}},
	author={Menger, K.},
	journal={Proceedings of the National Academy of Sciences U.S.A},
	volume={8},
	pages={535-537},
	year={1942}
}

@article{Mesiar1999,
	title = {{Diagonals of continuous triangular norms}},
	author = {Mesiar, R. and Navara, M.},
	journal = {Fuzzy Sets and Systems},
	volume = {104},
	number = {1},
	pages = {35-41},
	year = {1999}
}

@article{Mesiar2004,
	title = {{Residual implications and left-continuous t-norms which are ordinal sums of semigroups}},
	author = {Mesiar, R. and Mesiarová, A.},
	journal = {Fuzzy Sets and Systems},
	volume = {143},
	number = {1},
	pages = {47-57},
	year = {2004}
}

@inproceedings{Mesiar2019,
	title={{Construction of Fuzzy Implication Functions Based on $F$-chains}},
	author={Mesiar, R. and Koles{\'a}rov{\'a}, A.},
	editor={Hala{\v{s}}, R. and Gagolewski, M. and Mesiar, R.},
	booktitle={New Trends in Aggregation Theory. AGOP 2019},
	series = {Advances in Intelligent Systems and Computing},
	volume = {981},
	publisher={Springer International Publishing},
	pages={315-326},
	year={2019}
}

@mastersthesis{Mesiarova2002,
	title = {Triangular norms and their diagonal functions},
	author = {Mesiarová, A.},
	school = {Faculty of Mathematics Physics and Informatics, Comenius University, Bratislava},
	year = {2002}
}

@article{Mesiarova2017,
	title = {Continuous completions of triangular norms known on a subregion of the unit interval},
	author = {Mesiarová-Zemánková, A.},
	journal = {Fuzzy Sets and Systems},
	volume = {308},
	pages = {27-41},
	year = {2017}
}

@article{Mesiar2020,
	title = {{Copulas and fuzzy implications}},
	author = {Mesiar, R. and Kolesárová, A.},
	journal = {International Journal of Approximate Reasoning},
	volume = {117},
	pages = {52-59},
	year = {2020}
}

@inproceedings{Min2016,
	title={{Fuzzy implications based on Abel semigroups}},
	author={Min, Y.-M. and Qin, F.},
	booktitle={2015 12th International Conference on Fuzzy Systems and Knowledge Discovery (FSKD)}, 
	volume={},
	number={},
	pages={55-59},
	year={2015}
}

@article{Mirzakhanov2020,
	title = {{Value of fuzzy logic for data mining and machine learning: A case study}},
	author = {Mirzakhanov, V. E.},
	journal = {Expert Systems with Applications},
	volume = {162},
	pages = {113781},
	year = {2020}
}

@article{Mis2022,
	title = {{On functional equations and inequalities related to some reasoning schemes that involve fuzzy implications}},
	author = {Miś, K. and Baczyński, M. and Helbin, P.},
	journal = {Fuzzy Sets and Systems},
	volume = {441},
	pages = {33-57},
	year = {2022}
}

@inproceedings{Mitaim1996,
	title={{What is the best shape for a fuzzy set in function approximation?}}, 
	author={Mitaim, S. and Kosko, B.},
	booktitle={Proceedings of IEEE 5th International Fuzzy Systems}, 
	year={1996},
	volume={2},
	number={},
	pages={1237-1243}
  }

@article{Miyakoshi1985,
	title = {{Solutions of composite fuzzy relational equations with triangular norms}},
	author = {Miyakoshi, M. and Shimbo, M.},
	journal = {Fuzzy Sets and Systems},
	volume = {16},
	number = {1},
	pages = {53-63},
	year = {1985}
}

@article{Mizumoto1982,
	title = {{Comparison of fuzzy reasoning methods}},
	author = {Mizumoto, M. and Zimmermann, H.-J.},
 	journal = {Fuzzy Sets and Systems},
  	volume = {8},
  	pages = {253-283},
	year = {1982}
}

@article{Munar2023,
	title = {{A review on logical connectives defined on finite chains}},
	author = {Munar, M. and Massanet, S. and Ruiz-Aguilera, D.},
	journal = {Fuzzy Sets and Systems},
	pages = {108469},
	year = {2023}
}

%%% --- N --- %%%

@article{Nafarieh1991,
	title = {{A new approach to inference in approximate reasoning}},
	author = {Nafarieh, A. and Keller, J. M.},
	journal = {Fuzzy Sets and Systems},
	volume = {41},
	number = {1},
	pages = {17-37},
	year = {1991}
}

@book{Nguyen2018,
	title = {A First Course in Fuzzy Logic},
	author = {Nguyen, H. T. and Walker, C. L. and Walker, E. A.},
	publisher = {Chapman \& Hall/CRC},
	year = {2018}
}

@incollection{Nelsen2005,
	title = {14 - Copulas and quasi-copulas: An introduction to their properties and applications},
	author = {Nelsen, R. B.},
	editor = {Klement, E. P. and Mesiar, R.},
	booktitle = {Logical, Algebraic, Analytic and Probabilistic Aspects of Triangular Norms},
	publisher = {Elsevier Science B.V.},
	pages = {391-413},
	year = {2005}
}

@book{Nelsen1999,
	title =     {{An introduction to Copulas}},
	author = {Nelsen, R. B.},
	publisher = {Springer New York, NY},
	series =    {Lecture Notes in Statistics},
	volume = {139},
	year =      {1999}
}

@book{Nikula1996,
	  title={{Pragmatic Force Modifiers: A Study in Interlanguage Pragmatics}},
	  author={Nikula, T.},
	  publisher={University of Jyv{\"a}skyla},
	  year={1996}
}

%%% --- O --- %%%

@article{Ovchinnikov1991,
	title = {{Similarity relations, fuzzy partitions, and fuzzy orderings}},
	author = {Ovchinnikov, S.},
	journal = {Fuzzy Sets and Systems},
	volume = {40},
	number = {1},
	pages = {107-126},
	year = {1991}
}

@article{Ouyang2012,
	title = {{On fuzzy implications determined by aggregation operators}},
	author = {Ouyang, Y.},
	journal = {Information Sciences},
	volume = {193},
	pages = {153-162},
	year = {2012}
}

%%% --- P --- %%%

@article{Papageorgiou2013,
	title={{A Review of Fuzzy Cognitive Maps Research During the Last Decade}}, 
	author={Papageorgiou, E. I. and Salmeron, J. L.},
	journal={IEEE Transactions on Fuzzy Systems}, 
	year={2013},
	volume={21},
	number={1},
	pages={66-79}
}

@inproceedings{PeiZhu2017,
	title={{Generalized $G$-Generated Implications}},
	author={Zhu, Y. and Pei, D.-W.},
	editor={Fan, T.-H. and Chen, S.-L. and Wang, S.-M. and Li, Y.-M.},
	booktitle={Quantitative Logic and Soft Computing 2016},
	series = {Advances in Intelligent Systems and Computing},
	volume = {510},
	publisher={Springer International Publishing},
	pages={239-249},
	year={2017}
}

@article{PeiZhu2017B, 
	title={{NEW GENERALIZED $h$-IMPLICATIONS}}, 
	author={Pei, D. and Zhu, Y.}, 
	journal={The ANZIAM Journal}, 
	volume={58}, 
	number={3-4}, 
	pages={276-286},
	year={2017}
}

@article {Peng2020,
	title = {{A new family of $(A, N)$-implications: Construction and properties}},
	author = {Peng, Z.},
	journal = {Iranian Journal of Fuzzy Systems},
	volume = {17},
	number = {2},
	pages = {129-145},
	year  = {2020}
}

@article{Peng2020B,
	title = {{New results of fuzzy implications satisfying $I(x,I(y,z))=I(I(x,y),I(x,z))$}},	
	author = {Peng, Z. and Peng, C.},
	journal = {International Journal of Approximate Reasoning},
	volume = {124},
	pages = {82-102},
	year = {2020}
}

@article{Peng2022,
	title = {{On the $T$-conditionality of $T$-power based implications}},
	author = {Peng, Z.},
	journal = {Kybernetika},
	volume = {58},
	number = {1},
	pages = {43-63},
	year = {2022}
}

@article {Peng2022B,
	title = {{On the distributivity of $T$-power based implications}},
	author = {Peng, Z. and Pan, J.},
	journal = {Iranian Journal of Fuzzy Systems},
	volume = {19},
	number = {2},
	pages = {169-186},
	year  = {2022}
}

@article{Perfilieva2006,
	title = {{Fuzzy transforms: Theory and applications}},
	author = {Perfilieva, I.},
	journal = {Fuzzy Sets and Systems},
	volume = {157},
	number = {8},
	pages = {993-1023},
	year = {2006}
}

@article{Pereira2015,
	title = {{On residual implications derived from overlap functions}},
	author = {Dimuro, G. P. and Bedregal, B.},
	journal = {Information Sciences},
	volume = {312},
	pages = {78-88},
	year = {2015}
}

@inproceedings{Pinheiro2018,
	title={{$(N', T, N)$-Implications}}, 
	author={Pinheiro, J. and Bedregal, B. and Santiago, R. H. N. and Santos, H.},
	booktitle={2018 IEEE International Conference on Fuzzy Systems (FUZZ-IEEE)}, 
	volume={},
	number={},
	pages={1-6},
	 year={2018}
}

@article{Post1921,
	title = {{Introduction to a General Theory of Elementary Propositions}},
	author = {Post, E. L.},
	journal = {American Journal of Mathematics},
	volume={43},
	number = {3},
	pages = {163-185},
	year = {1921}
}

@inproceedings{Pradera2011,
	title = {{On $(TS,N)$-fuzzy implications}},
	author = {Pradera, A. and Beliakov, G. and Bustince, H. and Fernandez, J.},
	editor = {{De Baets}, B. and Mesiar, R. and Troiano, L.},
	booktitle = {Proceedings of 6th International Summer School on Aggregation Operators. AGOP 2011},
	pages = {93-98},
	year = {2011}
}

@article{Pradera2016,
	title = {{A review of the relationships between implication, negation and aggregation functions from the point of view of material implication}},
	author = {Pradera, A. and Beliakov, G. and Bustince, H. and {De Baets}, B.},
	journal = {Information Sciences},
	volume = {329},
	pages = {357-380},
	year = {2016}
}

@article{Precup2011,
	title = {{A survey on industrial applications of fuzzy control}},
	author = {Precup, R.-E. and Hellendoorn, H.},
	journal = {Computers in Industry},
	volume = {62},
	number = {3},
	pages = {213-226},
	year = {2011}
}

@software{Petronio2019,
	  author  = {Silva, P. C. L. and {Severiano Jr}, C. A. and Alves, M. A. and Silva, R. C. P. and Vieira, G. L. and {e Lucas}, P. O. and Sadaei, H. J. and Guimarães F. G.},
	  title        = {{PYFTS/pyFTS: Stable version 1.7}},
	  year         = {2019},
	  publisher    = {Zenodo},
	  version      = {pkg1.7}
}

%%% --- Q --- %%%

%%% --- R --- %%%

@incollection{Raatikainen2022,
	title        =	{{Gödel’s Incompleteness Theorems}},
	author       =	{Raatikainen, P.},
	booktitle    =	{The {Stanford} Encyclopedia of Philosophy},
	editor       =	{Zalta, E. N.},
	howpublished = {\url{https://plato.stanford.edu/archives/spr2022/entries/goedel-incompleteness/}},
	year         =	{2022},
	edition      =	{{S}pring 2022},
	publisher    =	{Metaphysics Research Lab, Stanford University}
}

@article{Raper2020,
	title = {{The end of determinism}},
	author = {Raper, S.},
	journal = {Significance},
	volume = {17},
	number = {6},
	pages = {14-17},
	year = {2020}
}

@article{Reiser2013,
	title = {{Aggregating fuzzy implications}},
	author = {Reiser, R. H. S. and Bedregal, B. and Baczyński, M.},
	journal = {Information Sciences},
	volume = {253},
	pages = {126-146},
	year = {2013}
}

@inproceedings{Reiser2017,
	title={A class of fuzzy implications obtained from triples of fuzzy implications}, 
	author={Reiser, R. H. S. and Zanotelli, R. and Costa, L. and Matzneuer, M. and Bedregal, B. and Mezzomo, I.},
	booktitle={2017 IEEE International Conference on Fuzzy Systems (FUZZ-IEEE)}, 
	volume={},
	number={},
	pages={1-6},
	year={2017}
}

@article{Rizkallah2019,
	title={{An analysis of subgroup discovery quality measures}},
	author={Rizkallah, L. W. and Darwish, N. M.},
	journal={Journal of engineering and applied science},
	volume={66},
	number={1},
	pages={109-131},
	year = {2019}

}

@article{Ropero2011,
	title = {{Fuzzy Logic Applications for knowledge Discover: A Survey}},
	author = {Ropero, J. and León, C. and Carrasco, A. and Gómez, A. and Rivera, O.},
	journal = {International Journal of Advancements in Computer Technology},
	volume = {3},
	pages = {187-198},
	year = {2011}
}

@mastersthesis{Rotger2016,
	title = {{Predicció dels resultats electorals als Estats Units emprant regressió}},
	author = {{Rotger Mas}, B.},
	year = {2016},
	type={Bachelor's Thesis},
	school = {Universitat de les Illes Balears}
}

@book{Rudin1976,
	title =     {{Principles of mathematical analysis}},
	author =    {Rudin, W.},
	publisher = {McGraw-Hill},
	series =    {International series in pure and applied mathematics},
	year =      {1976}
}

@article{Russell1923,
	title = {Vagueness},
	author = {Russell, B.},
	journal = {Australasian Journal of Philosophy},
	volume = {1},
	number = {2},
	pages = {84-92},
	year = {1923}
}

%%% --- S --- %%%

@article{Sklar1959,
	title={{Fonctions de Répartition à n Dimensions et Leurs Marges}},
	author={Sklar, A.},
	journal={Publications de l’Institut Statistique de l’Université de Paris},
	volume={8},
	pages={229-231},
	year = {1959}

}

@article{Schweizer1961,
	title={{Associative functions and statistical triangle inequalities}},
	author={Schweizer, B. and Sklar, A.},
	journal={Publicationes Mathematicae Debrecen},
	volume={8},
	pages={169-186},
	year = {1961}

}

@inproceedings{Seising2009,
	title={{The 60 years old ``Information theory'' and the fuzzy concept of information}}, 
	author={Seising, R.},
	booktitle={2009 3rd International Workshop on Soft Computing Applications}, 
	volume={},
	number={},
	pages={13-14},
	year={2009}
}

@book{Seth2020,
	title = {{Brownian Motion and Molecular Reality}},
	author = {Seth, R. and Smith, G. E.},
	publisher = {Oxford University Press},
	year = {2020}
}


@article{Shi2010,
	title = {{On dependencies and independencies of fuzzy implication axioms}},
	author = {Shi, Y. and {Van Gasse}, B. and Ruan, D. and Kerre,  E. E.},
	journal = {Fuzzy Sets and Systems},
	volume = {161},
	number = {10},
	pages = {1388-1405},
	year = {2010}
}

@inproceedings{Shi2010b,
	title={{On a New Class of Implications in Fuzzy Logic}},
	author={Shi, Y. and {Van Gasse}, B. and Ruan, D. and Kerre, E. E.},
	editor={H{\"u}llermeier, E. and Kruse, R. and Hoffmann, F.},
	booktitle={Information Processing and Management of Uncertainty in Knowledge-Based Systems. Theory and Methods. IPMU 2010},
	series = {Communications in Computer and Information Science},
	volume = {80},
	publisher={Springer Berlin Heidelberg},
	pages={525-534},
	year={2010}
}

@article{Spolaor2020,
	title={{Simpful: A User-Friendly Python Library for Fuzzy Logic}},
	author={Spolaor, S. and Fuchs, C. and Cazzaniga, P. and Kaymak, U. and Besozzi, D. and Nobile, M. S.},
	journal={International Journal of Computational Intelligence Systems},
	volume={13},
	number={1},
	pages={1687-1698},
	year={2020}
}

@article{Smutna1999,
	title = {{On many valued conjunctions and implications}},
	author = {Smutná, D.},
	journal = {Journal of Electrical Engineering},
	volume = {50},
	number = {},
	pages = {8-10},
	year = {1999}
}

@inproceedings{Souliotis2018,
	author={Souliotis, G. and Papadopoulos, B.},
	title={{Fuzzy Implications Generating from Fuzzy Negations}},
	editor={K{\r{u}}rkov{\'a}, V. and Manolopoulos, Y. and Hammer, B. and Iliadis, L. and Maglogiannis, I.},
	booktitle={Artificial Neural Networks and Machine Learning – ICANN 2018},
	series = {Lecture Notes in Computer Science},
	volume = {11139},
	publisher={Springer International Publishing},
	pages={736-744},
	year={2018}
}

@article{Souliotis2019,
	title = {{Yet another method of generating new implications from a given one implication}},
	author = {Souliotis, G. and Papadopoulos, B.},
	journal = {AIP Conference Proceedings},
	volume = {2116},
	number = {1},
	year = {2019}
}

@article{Su2015,
	title = {{Generating Implications from One-Variable Functions}},
	author = {Su, Y. and Xie, A. and Liu, H.-W.},
	journal = {International Journal of Uncertainty, Fuzziness and Knowledge-Based Systems},
	volume = {23},
	number = {6},
	pages = {927-947},
	year = {2015}
}

@article{Su2015b,
	title = {{On ordinal sum implications}},
	author = {Su, Y. and Xie, A. and Liu, H.-W.},
	journal = {Information Sciences},
	volume = {293},
	pages = {251-262},
	year = {2015}
}

@article{Su2018,
	title = {{A method to construct fuzzy implications–rotation construction}},
	author = {Su, Y. and Xie, A. and Liu, H.-W. and Pedrycz, W.},
	journal = {International Journal of Approximate Reasoning},
	volume = {92},
	pages = {20-31},
	year = {2018}
}


@inbook{Suzuki2004,
	title={{Evaluation Scheme for Exception Rule/Group Discovery}},
	author={Suzuki, E.},
	booktitle={Intelligent Technologies for Information Analysis},
	publisher={Springer Berlin Heidelberg},
	pages={89-108},
	year={2004}
}

@article{Sriboonchitta2018,
	title={{Why Are FGM Copulas Successful? A Simple Explanation}},
	author={Sriboonchitta, S. and Kreinovich, V.},
	journal={Advances in Fuzzy Systems},
	publisher={Hindawi},
	volume={2018},
	pages={5872195},
	year={2018}
}

@inproceedings{Shi2008,
	title = {{On the characterization of $QL$-implications satisfying the Smets-Magrez axioms}},
	author = {Shi, Y. and {Van Gasse}, B. and Ruan, D. and Kerre, E. E.},
	booktitle = {Proceedings of Ninth International Conference on Fuzzy Set Theory and Applications (FATA ABSTRACTS)},
	pages = {109-110},
	year = {2008},
}

@article{Swendsen2010,
	title = {{Footnotes to the history of statistical mechanics: In Boltzmann’s words}},
	author = {Swendsen, R. H.},
	journal = {Physica A: Statistical Mechanics and its Applications},
	volume = {389},
	number = {15},
	pages = {2898-2901},
	year = {2010}
}

%%% --- T --- %%%
@book{Tan2018,
	title = {{Introduction to Data Mining (2nd Edition)}},
	author = {Tan, P.-N. and Steinbach, M. and Karpatne, A. and Kumar, V.},
	publisher = {Pearson},
	year = {2018}
}

@article{Tornqvist1985,
	title = {{How Should Relative Changes Be Measured?}},
	author = {Tornqvist, L. and Vartia, P. and Vartia, Y. O.},
	journal = {The American Statistician},
	number = {1},
	pages = {43-46},
	publisher = {American Statistical Association, Taylor \& Francis, Ltd.},
	volume = {39},
	year = {1985}
}

@incollection{Trillas1985,
	title = {{On implication and indistinguishability in the setting of fuzzy logic}},
	author = {Trillas, E. and Valverde, L.},
	editor = {Kacprzyk, J. and Yager, R. R.},
	booktitle = {Management Decision Support Systems using Fuzzy Sets and Possibility Theory},
	publisher = {{T\"UV}-Rhineland, Cologne},
	pages = {198-212},
	year = {1985}
}

@article{Trillas2000,
	title = {{When $QM$-operators are implication functions and conditional fuzzy relations}},
	author = {Trillas, E. and del Campo, C. and Cubillo, S.},
	journal = {International Journal of Intelligent Systems},
	volume = {15},
	number = {7},
	pages = {647-655},
	year = {2000}
}

@article{Trillas2005,
	title = {{On contra-symmetry and MPT conditionality in fuzzy logic}},
	author = {Trillas, E. and Alsina, C. and Renedo, E. and Pradera, A.},
	journal = {International Journal of Intelligent Systems},
	volume = {20},
	number = {3},
	pages = {313-326},
	year = {2005}
}

@article{Trillas2008,
	title = {{On the representation of fuzzy rules}},
	author = {Trillas, E. and Mas, M. and Monserrat, M. and Torrens, J.},
	journal = {International Journal of Approximate Reasoning},
	volume = {48},
	number = {2},
	pages = {583-597},
	year = {2008}
}

%%% --- U --- %%%

@article{Uma2022,
	title={{Impact of fuzzy logic and its applications in medicine: A review}},
	author={Uma, J. S.},
	journal={International Journal of Statistics and Applied Mathematics},
	volume = {7},
	number = {2},
	pages = {20-27},
	year={2022}
}

@article{Uriz2020,
	title = {{FUZZ-EQ: A data equalizer for boosting the discrimination power of fuzzy classifiers}},
	author = {Uriz, M. and Elkano, M. and Bustince, H. and Galar, M.},
	journal = {Applied Soft Computing},
	volume = {93},
	pages = {106399},
	year = {2020}
}

%%% --- V --- %%%

@inproceedings{VemuriJayaram2012,
	author={Vemuri, N. R. and Jayaram, B.},
	title={{Fuzzy Implications: Novel Generation Process and the Consequent Algebras}},
	editor={Greco, S. and Bouchon-Meunier, B. and Coletti, G. and Fedrizzi, M. and Matarazzo, B. and Yager, R. R.},
	booktitle={Advances in Computational Intelligence},
	series={Communications in Computer and Information Science},
	volume = {298},
	publisher={Springer Berlin Heidelberg},
	pages={365-374},
	year={2012}
}

@article{Vemuri2014,
	title = {{Representations through a monoid on the set of fuzzy implications}},
	author={Vemuri, N. R. and Jayaram, B.},
	journal = {Fuzzy Sets and Systems},
	volume = {247},
	pages = {51-67},
	year = {2014}
}

@article{Vemuri2017,
	title = {{Investigations of fuzzy implications satisfying generalized hypothetical syllogism}},
	author={Vemuri, N. R.},
	journal = {Fuzzy Sets and Systems},
	volume = {323},
	pages = {117-137},
	year = {2017}
}

@inproceedings{VonAltrock1994,
	title = {{Fuzzy logic technologies in automotive engineering}},
	author = {{Von Altrock}, C.},
	booktitle ={WESCON/94. Idea/Microelectronics. Conference Record},
	pages = {110-117},
	year = {1994}
}

%%% --- W --- %%%

@article{Walker2002,
	title = {{Powers of t-norms}},
	author = {Walker, C. L.  and Walker, E. A.},
	journal = {Fuzzy Sets and Systems},
	volume = {129},
	number = {1},
	pages = {1-18},
	year = {2002}
}

@article{Wang2023,
	title = {{On fuzzy Sheffer strokes: New results and the ordinal sums}},
	author = {Wang, Y. and Hu, B. Q.},
	journal = {Fuzzy Sets and Systems},
	volume = {456},
	pages = {144-172},
	year = {2023}
}

@inproceedings{Wrobel1997,
	title={{An algorithm for multi-relational discovery of subgroups}},
	author={Wrobel, S.},
	editor={Komorowski, J. and Zytkow, J.},
	booktitle={Principles of Data Mining and Knowledge Discovery. PKDD 1997},
	series = {Lecture Notes in Computer Science},
	volume={1263},
	publisher={Springer Berlin Heidelberg},
	pages={78-87},
	year={1997}
}

%%% --- X --- %%%

@article{XieLiu2013,
	title = {{A generalization of Yager’s $f$-generated implications}},
	author = {Xie, A. and Liu, H.},
	journal = {International Journal of Approximate Reasoning},
	volume = {54},
	pages = {35-46},
	year = {2013}
}

@article{Xie2017,
	title = {{Fuzzy Implications Generated by $h$-Generators}},
	author = {Xie, A. and Fang, G.},
	journal = {International Journal of Uncertainty, Fuzziness and Knowledge-Based Systems},
	volume = {25},
	number = {6},
	pages = {929-945},
	year = {2017}
}


@article{Xie2022,
	title = {{Structure of uninorms not locally internal on the boundary}},
	author={Xie, A.},
	journal = {Fuzzy Sets and Systems},
	volume = {433},
	pages = {176-193},
	year = {2022}
}

%%% --- Y --- %%%

@article{Yager1996,
	title = {{Uninorm aggregation operators}},
	author = {Yager, R. R.  and Rybalov, A.},
	journal = {Fuzzy Sets and Systems},
	volume = {80},
	number = {1},
	pages = {111-120},
	year = {1996}
}

@article{Yager2004,
	title = {{On some new classes of implication operators and their role in approximate reasoning}},
	author = {Yager, R. R.},
	journal = {Information Sciences},
	volume = {167},
	number = {1},
	pages = {193-216},
	year = {2004}
}

@article{Yager2006,
	title={{Modeling holistic fuzzy implication using co-copulas}},
	author = {Yager, R. R.},
	journal={Fuzzy Optimization and Decision Making},
	volume={5},
	number={3},
	pages={207-226},
	year={2006}
}

@inproceedings{Yi2017,
	title={{Extended Threshold Generation of a New Class of Fuzzy Implications}},
	author={Yi, Z.-H. and Qin, F.},
	editor={Fan, T.-H. and Chen, S.-L. and Wang, S.-M. and Li, Y.-M.},
	booktitle={Quantitative Logic and Soft Computing 2016},
	series = {Advances in Intelligent Systems and Computing},
	volume = {510},
	publisher={Springer International Publishing},
	pages={281-291},
	year={2017}
}


%%% --- Z --- %%%

@article{Zadeh1962,
	title={{From Circuit Theory to System Theory}}, 
	author={Zadeh, L. A.},
	journal={Proceedings of the IRE}, 
	volume={50},
	number={5},
	pages={856-865},
	year={1962}
}

@article{Zadeh1965,
	title = {{Fuzzy sets}},
	author={Zadeh, L. A.},
	journal = {Information and Control},
	volume = {8},
	number = {3},
	pages = {338-353},
	year = {1965}
}

@article{Zadeh1993,
	title={{Outline of a New Approach to the Analysis of Complex Systems and Decision Processes}}, 
	author={Zadeh, L. A.},
	journal={{IEEE} Transactions on Systems, Man, and Cybernetics}, 
	volume={SMC-3},
	pages={28-44},
	year={1973}
}

@article{Zadeh1975,
	title = {The concept of a linguistic variable and its application to approximate reasoning—I},
	author={Zadeh, L. A.},
	journal = {Information Sciences},
	volume = {8},
	number = {3},
	pages = {199-249},
	year = {1975}
}

@article{Zadeh1995,
	title = {{Discussion: Probability Theory and Fuzzy Logic Are Complementary Rather Than Competitive}},
	author={Zadeh, L. A.},
	journal = {Technometrics},
	pages = {271-276},
	volume = {37},
	number = {3},
	year = {1995}
}

@article{Zadeh1996, 
	title = {{Nacimiento y evolución de la lógica borrosa, el soft computing y la computación con palabras: un punto de vista personal}}, 
	author={Zadeh, L. A.},
	journal = {Psicothema}, 
	volume = {8}, 
	pages = {421-429},
	year = {1996}
}

@article{Zapata2014,
	title={{Some properties of implications via aggregation functions and overlap functions}},
	author={Zapata, H. and Bustince, H. and {De Miguel}, L. and Guerra, C.},
	journal={International Journal of Computational Intelligence Systems},
	volume={7},
	pages={993-1001},
	year={2014}
}

@article{ZhangLiu2013,
	title = {{On a new class of implications: $(g,u)$-implications and the distributive equations}},
	author = {Zhang, F.-X. and Liu, H.-W.},
	journal = {International Journal of Approximate Reasoning},
	volume = {54},
	pages = {1049 - 1065},
	year = {2013}
}

@inproceedings{ZhangZhang2017,
	title={{On Some New Generalizations of Yager's Implications}},
	author={Zhang, F.-X. and Zhang, X.-F.},
	editor={Fan, T.-H. and Chen, S.-L. and Wang, S.-M. and Li, Y.-M.},
	booktitle={Quantitative Logic and Soft Computing 2016},
	series = {Advances in Intelligent Systems and Computing},
	volume = {510},
	publisher={Springer International Publishing},
	pages={587-596},
	year={2017}
}

@inproceedings{ZhangPei2017,
	title={{Two kinds of Modifications of Implications}},
	author={Zhang, F.-X. and Pei, D.-W},
	editor={Fan, T.-H. and Chen, S.-L. and Wang, S.-M. and Li, Y.-M.},
	booktitle={Quantitative Logic and Soft Computing 2016},
	series = {Advances in Intelligent Systems and Computing},
	volume = {510},
	publisher={Springer International Publishing},
	pages={587-596},
	year={2017}
}

@article{Li2015,
	title = {{Generalization of $(U,N)$-Implications}},
	author = {Li, Z.-B. and Su, Y. and Liu, H.-W.},
	journal = {International Journal of Uncertainty, Fuzziness and Knowledge-Based Systems},
	volume = {23},
	number = {3},
	pages = {367-377},
	year = {2015}
}

@article{Li2015B,
	title = {{Generalizations of $(U,N)$-Implications Derived from Commutative Semi-Uninorms and Pseudo-Uninorms}},
	author = {Li, Z.-B. and Liu, H.-W.},
	journal = {Journal of Intelligent \& Fuzzy Systems},
	volume = {29},
	number = {5},
	pages = {2177-2184},
	year = {2015}
}

@article{Zhou2020,
	title = {{Characterizations of $(U^2,N)$-implications generated by 2-uninorms and fuzzy negations from the point of view of material implication}},
	author = {Zhou, H. and Liu, X.},
	journal = {Fuzzy Sets and Systems},
	volume = {378},
	pages = {79-102},
	year = {2020}
}

@article{Zhou2021,
	title={{Characterizations of Fuzzy Implications Generated by Continuous Multiplicative Generators of $T$-Norms}}, 
	author = {Zhou, H.},
	journal={IEEE Transactions on Fuzzy Systems}, 
	volume={29},
	number={10},
	pages={2988-3002},
	year={2021}
}

@article{Zhou2022,
	title={{Characterizations and Applications of Fuzzy Implications Generated by a Pair of Generators of $T$-Norms and the Usual Addition of Real Numbers}}, 
	author={Zhou, H.},
	journal={IEEE Transactions on Fuzzy Systems}, 
	volume={30},
	number={6},
	pages={1952-1966},
	year={2022}
}

@article{Zhou2022B,
	title = {{Characterization of a class of fuzzy implication solutions to the law of importation}},
	author = {Zhou, H. and Song, Y.},
	journal = {Fuzzy Sets and Systems},
	volume = {441},
	pages = {58-82},
	year = {2022}
}

@book{Zimmermann1991,
	title={{Fuzzy Set Theory-and Its Applications}},
	author={Zimmermann, H. J.},
	publisher={Kluwer Academic Publishers},
	year={1991}
}

%%% ---- DATASETS ------ %%%

@article{AlcalFdez2011KEELDS,
	  title={{KEEL Data-Mining Software Tool: Data Set Repository, Integration of Algorithms and Experimental Analysis Framework}},
	  author={Jes{\'u}s Alcal{\'a}-Fdez and Alberto Fern{\'a}ndez and Juli{\'a}n Luengo and Joaqu{\'i}n Derrac and Salvador Garc{\'i}a},
	  journal={J. Multiple Valued Log. Soft Comput.},
	  year={2011},
	  volume={17},
	  pages={255-287}
}

@misc{WPBC,
	author = {William H. Wolberg and W. {Nick Street} and Olvi L. Mangasarian},
	title = {{Breast Cancer Wisconsin (Prognostic) Data Set}},
	 note   = {Available online at: \url{https://archive.ics.uci.edu/ml/datasets/Breast+Cancer+Wisconsin+\%28Prognostic\%29}, 
           last accessed on 01/04/2023}
}

@misc{Electricity,
	author = {{KEEL-dataset repository}},
	title = {{Daily electricity energy data set}},
	note   = {Available online at: \url{https://sci2s.ugr.es/keel/dataset.php?cod=46}, 
           last accessed on 01/04/2023}
} 

@misc{Stocks,
	author = {{KEEL-dataset repository}},
	title = {{Stock Prices data set}},
	note   = {Available online at: \url{https://sci2s.ugr.es/keel/dataset.php?cod=77} 
           last accessed on 01/04/2023}
}

@misc{Treasury,
	author = {{KEEL-dataset repository}},
	title = {{Treasury data set}},
	note   = {Available online at: \url{https://sci2s.ugr.es/keel/dataset.php?cod=42} 
           last accessed on 01/04/2023}
}  

@article{Pace1997,
	title = {{Sparse Spatial Autoregressions}},
	journal = {Statistics and Probability Letters},
	volume = {33},
	pages = {291-297},
	author = {R. Kelley Pace and Ronald Barry},
	year = {1997}
}

@misc{California,
	author = {{LIACC repository}},
	title = {{California Housing data set}},
	note   = {Available online at: \url{https://www.dcc.fc.up.pt/~ltorgo/Regression/DataSets.html} 
           last accessed on 01/04/2023}
} 

@misc{Metro,
	author = {John Hogue},
	title = {{Metro Interstate Traffic Volume Data Set}},
	 note   = {Available online at: \url{https://archive.ics.uci.edu/ml/datasets/Metro+Interstate+Traffic+Volume}, 
           last accessed on 01/04/2023}
}

@misc{Startup,
	author = {{Kaggle repository}},
	title = {{50 Startup data set}},
	note   = {Available online at: \url{https://www.kaggle.com/datasets/farhanmd29/50-startups} 
           last accessed on 01/04/2023}
} 

% URLs

@online{usagov,
  	title = {{Presidential election process}},
	author = {{USAGov}},
  	url = {https://www.usa.gov/election},
 	urldate = {2023-04-15},
	date    = {2023}
}

@online{censusgovApp,
  	title = {{Methods of Apportionment}},
	author = {{United States Census Bureau}},
  	url = {https://www.census.gov/history/www/reference/apportionment/methods_of_apportionment.html},
	urldate = {2023-04-15},
	date = {2023}
}

@online{economist,
  	title = {{How to forecast an American’s vote}},
	author = {{The Economist}},
  	url = {https://www.economist.com/graphic-detail/2018/11/03/how-to-forecast-an-americans-vote},
	urldate = {2023-04-15},
	date = {2018}
}

@online{pewresearch,
  	title = {{Election 2012 Post Mortem: White Evangelicals and Support for Romney}},
	author = {{Pew Research Center}},
  	url = {https://www.pewresearch.org/religion/2012/12/07/election-2012-post-mortem-white-evangelicals-and-support-for-romney/},
	urldate = {2023-04-15},
	date = {2012}
}

@online{pewresearchB,
  	title = {{How the Faithful Voted: 2012 Preliminary Analysis}},
	author = {{Pew Research Center}},
  	url = {https://www.pewresearch.org/religion/2012/11/07/how-the-faithful-voted-2012-preliminary-exit-poll-analysis/},
	urldate = {2023-04-15},
	date = {2012}
}

@online{pewresearchC,
  	title = {{Behind Biden’s 2020 Victory}},
	author = {Igielnik, R. and Keeter, S. and Hartig, H.},
  	url = {https://www.pewresearch.org/politics/2021/06/30/behind-bidens-2020-victory/#voting-patterns-in-the-2020-election},
	urldate = {2023-04-15},
	date = {2021}
}

@online{Harris2018,
	author = {Harris, A.},
	publisher= {The Atlantic},
	title = {America is divided by education},
	url  = {https://www.theatlantic.com/education/archive/2018/11/education-gap-explains-american-politics/575113/},
	urldate = {2023-04-15},
	date={2018}
}

@online{Molinaro2021,
	author = {Molinaro, J. and Spjeldnes, S.},
	title = {The Electoral College and the Rural-Urban Divide},
	url  = {https://www.aspeninstitute.org/blog-posts/the-electoral-college-and-the-rural-urban-divide/},
	urldate = {2023-04-15},
	date={2021}
}

@online{Newport2020,
	author = {Newport, F.},
	title = {{Religious Group Voting and the 2020 Election}},
	url  = {https://news.gallup.com/opinion/polling-matters/324410/religious-group-voting-2020-election.aspx},
	urldate = {2023-04-15},
	date={2020}
}

@online{Cillizza2012,
	author = {Cillizza, C. and Cohen, J.},
	title = {{President Obama and the white vote? No problem}},
	url  = {https://www.washingtonpost.com/news/the-fix/wp/2012/11/08/president-obama-and-the-white-vote-no-problem/},
	urldate = {2023-04-15},
	date={2012}
}

@article{Schwadel2017,
	title = {{The Republicanization of evangelical Protestants in the United States: An examination of the sources of political realignment}},
	journal = {Social Science Research},
	volume = {62},
	pages = {238-254},
	year = {2017},
	author = {Schwadel, P.}
}

% Software packages

  @Manual{SDEFSR,
	    title = {{SDEFSR: Subgroup Discovery with Evolutionary Fuzzy Systems}},
	    author = {García, A. M. and González, P. and Carmona, C. J.  and {del Jesus}, M. J.},
	    year = {2021},
	    note = {R package version 0.7.22},
	    url = {https://CRAN.R-project.org/package=SDEFSR},
  }

  @Manual{rsubgroup,
    title = {{rsubgroup: Subgroup Discovery and Analytics}},
    author = {Atzmueller, M.},
    year = {2021},
    note = {R package version 1.1},
    url = {https://CRAN.R-project.org/package=rsubgroup},
  }

@article{orange,
	author = {Dem\v{s}ar, J. and Curk, T. and Erjavec, A. and Gorup, \v{C}. and Ho\v{c}evar, T. and Milutinovi\v{c}, M. and Mo\v{z}ina, M. and Polajnar, M. and Toplak, M. and Stari\v{c}, A. and \v{S}tajdohar, M. and Umek, L. and \v{Z}agar, L. and \v{Z}bontar, J. and \v{Z}itnik, M. and Zupan, B.},
	title = {{Orange: Data Mining Toolbox in Python}},
	volume = {14},
	number = {1},
	journal = {Journal of Machine Learning Research},
	pages = {2349–2353},
	year = {2013}
}

@InProceedings{pysubgroup,
	author={Lemmerich, F. and Becker, M.},
	editor={Brefeld, U. and Curry, E. and Daly, E. and MacNamee, B. and Marascu, A. and Pinelli, F. and Berlingerio, M. and Hurley, N.},
	title={{pysubgroup: Easy-to-Use Subgroup Discovery in Python}},
	booktitle={Machine Learning and Knowledge Discovery in Databases. ECML PKDD 2018},
	series ={Lecture Notes in Computer Science},
	volume={11053},
	publisher={Springer International Publishing},
	pages={658-662},
	year={2019}
}








